1500 2820
244 215 326 260 126
671 224 714 267 Q.
731 224 947 261 HORATH
962 223 1144 262 FLAcox

173 343 219 375 20
240 343 364 384 quam
388 327 466 371 sibi
490 342 571 370 non
595 329 646 370 sit
669 328 842 378 amicus,
866 329 924 370 ita
946 335 992 370 ut
1013 334 1131 384 pater
1149 328 1235 380 ille,
1259 329 1423 372 Terenti
1475 333 1494 373 «ἐ

239 391 380 433 fabula
402 405 525 445 quem
547 390 740 432 miserum
762 397 886 446 gnato
910 391 1062 432 vixisse
1084 390 1228 447 fugato

238 453 411 503 inducit,
435 467 518 493 non
541 467 586 494 se
607 452 724 507 peius
749 452 986 494 cruciaverit
1010 459 1131 506 atque
1153 452 1231 494 hic.

241 515 276 557 si
299 515 389 569 quis
413 527 522 556 nunc
545 520 728 568 quaerat:
756 528 862 567 „quo
885 528 950 556 res
973 514 1076 556 haec
1098 514 1325 569 pertinet?“
1348 515 1462 558 illuct

240 577 338 618 dum
360 576 487 617 vitant
512 575 624 617 stulti
646 575 761 625 vitia,
786 577 829 616 in
852 576 1051 618 contraria
1073 582 1248 618 currunt.

175 651 216 682 25
239 637 475 679 Malchinus
499 637 646 679 tunicis
672 637 859 681 demissis
884 637 1083 688 ambulat3
1108 645 1169 680 est
1191 639 1262 692 qui

238 700 391 755 inguen
415 700 467 740 ad
490 699 739 741 obscoenum
763 699 973 742 subductis
997 715 1127 754 usque
1151 701 1319 744 facetus.

238 762 421 816 pastillos
445 761 620 803 Rufillus
646 761 746 811 olet,
772 759 1005 817 Gargonius
1030 762 1199 804 hircum.

238 822 295 864 nil
318 823 499 864 medium
523 828 596 864 est.
624 829 718 864 sunt
740 823 810 876 qui
832 823 959 864 nolint
982 824 1165 879 tetigisse
1187 824 1266 866 nisi
1287 824 1390 876 illas,

239 900 409 939 quarum
435 885 605 926 subsuta
630 885 731 926 talos
757 891 867 940 tegat
890 885 1028 926 instita
1050 892 1182 927 veste.

173 959 215 990 30
239 953 378 988 contra
401 946 503 988 alius
528 947 681 988 nullam
703 946 783 987 nisi
807 946 963 988 olenti
953 962 995 988 m
1017 947 1171 989 fornice
1195 953 1380 990 stantem.

238 1009 403 1063 quidam
427 1015 547 1051 notus
571 1009 693 1051 homo
717 1023 844 1063 quum
867 1010 995 1051 exiret
1021 1010 1194 1062 fornice,
1221 1018 1376 1064 „macte

237 1071 541 1127 virtuteesto‚“
567 1071 698 1124 inquit
722 1072 920 1112 sententia
943 1072 1010 1113 dia
1034 1071 1221 1114 Catonis:

240 1147 360 1183 „nam
385 1132 505 1174 simul
529 1147 576 1174 ac
600 1147 725 1174 venas
748 1133 904 1174 inflavit
926 1140 1030 1175 tetra
1050 1134 1187 1184 libido,

236 1194 317 1235 huc
340 1195 507 1236 iuvenes
531 1209 706 1248 aequum
731 1201 793 1236 est
817 1195 1079 1247 descendere,
1103 1211 1186 1238 non
1209 1196 1361 1238 alienas

171 1269 213 1300 35
235 1257 459 1312 permolere
483 1260 671 1299 uxores.“
699 1257 850 1308 „nolim
873 1257 1119 1308 laudarier‚“
1144 1259 1287 1312 inquit,

238 1319 323 1370 „sic
347 1322 457 1369 me,“
482 1320 647 1361 mirator
671 1320 794 1361 cunni
818 1319 1070 1375 Cupiennius
1094 1321 1188 1362 albi.

237 1381 376 1422 audire
400 1387 462 1422 est
486 1397 631 1437 operae
655 1383 848 1437 pretium,
873 1383 1092 1438 procedere
1114 1389 1222 1424 recte

236 1443 306 1497 qui
328 1444 508 1485 moechis
533 1459 615 1485 non
639 1444 780 1494 vultis,
805 1450 850 1485 ut
874 1445 983 1486 omni
1005 1451 1118 1500 parte
1142 1445 1336 1495 laborent,

235 1512 360 1559 utque
384 1506 462 1547 illis
488 1507 615 1547 multo
640 1513 828 1561 corrupta
852 1507 990 1548 dolore
1013 1507 1200 1562 voluptas

169 1579 212 1608 40
236 1573 357 1620 atque
381 1567 482 1608 haec
504 1583 595 1609 rara
619 1569 739 1609 cadat
762 1569 864 1609 dura
886 1569 990 1609 inter
1014 1583 1135 1623 saepe
1158 1569 1319 1623 pericla.

234 1627 301 1669 hic
325 1643 369 1670 se
392 1629 653 1684 praecipitem
677 1636 782 1670 tecto
807 1630 936 1680 dedit3
959 1630 1027 1670 ille
1050 1630 1221 1686 flagellis

235 1690 288 1730 ad
311 1697 482 1731 mortem
507 1705 670 1741 caesus3
695 1691 857 1747 fugiens
882 1691 947 1732 hic
971 1691 1120 1732 decidit
1143 1706 1278 1733 acrem

233 1753 486 1806 praedonum
508 1753 551 1793 in
575 1753 755 1803 turbam3
780 1754 891 1794 dedit
914 1753 979 1794 hic
1002 1768 1075 1808 pro
1101 1767 1266 1808 corpore
1289 1768 1495 1802 nummos;

234 1813 342 1855 hunc
364 1815 669 1869 perminxerunt
693 1815 874 1864 calones3
899 1815 997 1868 quin
1022 1815 1143 1856 etiam
1166 1815 1267 1856 illud

168 1887 210 1918 45
235 1876 398 1927 accidit,
423 1883 468 1918 ut
491 1877 652 1918 cuidam
676 1883 800 1918 testes
825 1877 1078 1931 caudamque
1102 1877 1277 1918 salacem

235 1938 454 1980 demeteret
477 1939 642 1980 ferrum.
669 1939 825 1990 „iure,“
851 1953 1011 1980 omnes:
1038 1937 1173 1981 Galba
1194 1938 1382 1995 negabat.

233 2000 357 2041 tutior
378 2007 419 2041 at
443 2008 593 2054 quanto
617 2015 733 2042 merx
756 2006 818 2042 est
840 2000 883 2041 in
906 2000 1037 2041 classe
1062 2000 1251 2051 secunda,

233 2061 509 2103 libertinarum
533 2062 641 2104 dico!
667 2060 886 2104 Sallustius
910 2061 953 2102 in
976 2076 1077 2116 quas

233 2137 315 2164 non
337 2124 472 2165 minus
496 2124 663 2173 insanit,
689 2138 813 2177 quam
836 2123 906 2177 qui
929 2123 1175 2164 moechatur.
1200 2129 1242 2164 at
1263 2123 1330 2165 hic
1354 2123 1400 2173 si,

168 2197 211 2228 50
234 2199 315 2238 qua
337 2199 421 2235 res,
447 2199 528 2239 qua
551 2186 652 2227 ratio
678 2187 882 2236 suaderet,
909 2199 1069 2239 quaque
1094 2185 1277 2226 modeste

235 2246 426 2287 munifico
451 2261 541 2289 esse
565 2247 676 2297 licet,
702 2247 823 2288 vellet
845 2246 977 2288 bonus
1002 2253 1123 2300 atque
1146 2246 1347 2302 benignus

235 2322 344 2357 esse,
370 2308 483 2349 daret
506 2315 703 2362 quantum
727 2309 824 2350 satis
849 2315 974 2358 esset,
999 2322 1074 2349 nec
1098 2307 1176 2350 sibi
1199 2308 1347 2350 damno

233 2370 500 2424 dedecorique
524 2371 646 2422 foret3
670 2386 811 2412 verum
835 2370 914 2412 hoc
938 2385 982 2412 se
1006 2370 1261 2426 amplectitur
1282 2385 1377 2420 uno,

233 2431 312 2473 hoc
334 2439 443 2474 amat
467 2440 506 2474 et
528 2433 683 2474 laudat:
711 2439 962 2484 „matronam
985 2432 1139 2474 nullam
1162 2446 1240 2488 ego
1262 2435 1426 2488 tango.“

167 2506 209 2536 55
231 2499 278 2535 ut
299 2495 504 2548 quondam
527 2494 762 2544 Marsaeus,
788 2501 944 2536 amator
968 2493 1151 2550 Originis
1174 2494 1254 2544 ille,

233 2556 302 2610 qui
325 2557 500 2611 patrium
524 2557 671 2598 mimae
695 2558 819 2598 donat
841 2557 1095 2610 fundumque
1117 2557 1336 2610 laremque,

235 2618 317 2668 „nil
340 2618 462 2660 fuerit
483 2619 585 2669 mi‚“
610 2619 757 2673 inquit,
785 2633 903 2670 „cum
925 2619 1121 2661 uxoribus
1145 2633 1324 2673 unquam
1347 2618 1498 2675 alienis.

233 2694 375 2722 verum
399 2687 462 2722 est
484 2695 578 2722 cum
601 2681 752 2731 mimis,
779 2687 839 2722 est
865 2695 957 2723 cum
981 2679 1278 2732 meretricibus;
1300 2681 1408 2723 unde
1469 2681 1495 2820 ἔ
