1500 2820
2 0 147 31 ‚ww-⁸2³
160 0 194 21 -ᾳι
206 0 242 19 ’,ων
259 0 280 8 v
291 0 323 20 Μ,
337 3 363 22 ν,
379 0 402 16 ⁴2
416 0 423 7 ‘
434 0 564 24 nursam-,v-
651 0 666 10 ν·
689 0 699 10 u
720 15 726 26 ⁴
774 0 801 21 τι

109 498 171 530 110

105 807 168 838 115

104 1117 167 1148 120

103 1429 166 1460 125

103 1738 166 1770 130

145 2296 164 2326 5

199 187 281 230 142
628 197 670 239 Q.
688 161 904 233 nomm
920 197 1103 234 FLAoci

197 299 359 342 obiiciet
381 314 502 342 nemo
527 300 667 342 sordes
690 299 808 350 mihi,
833 314 934 354 quas
959 300 1051 351 tibi,
1077 300 1186 352 Tilli,

196 376 322 416 quum
347 362 516 403 Tiburte
540 362 607 404 via
629 369 855 418 praetorem
879 363 1057 416 quinque
1081 369 1304 417 sequuntur

195 432 234 464 te
258 423 373 478 pueri
395 423 581 464 lasanum
604 431 811 478 portantes
836 424 1206 479 oenophorumque.

194 485 271 526 hoc
295 500 371 540 ego
397 486 648 527 commodius
673 500 796 539 quam
820 492 884 535 tu,
908 486 1114 540 praeclare
1138 493 1311 537 senator,

193 547 371 588 millibus
396 555 516 600 atque
541 547 630 588 aliis
655 548 761 588 vivo.
786 562 1042 601 quacumque
1065 547 1191 590 libido
1215 555 1289 600 est,

192 609 337 650 incedo
362 609 492 659 solus3
516 619 729 664 percontor
752 610 892 662 quanti
914 610 1003 651 olus
1028 624 1076 651 ac
1098 609 1179 660 far3

193 670 381 712 fallacem
405 671 557 712 circum
581 671 938 725 vespertinumque
961 686 1124 726 pererro

194 747 316 787 saepe
339 732 495 782 forum3
520 733 674 774 adsisto
698 733 864 783 divinis;
889 733 983 774 inde
1007 734 1174 774 domum
1197 748 1263 775 me

191 794 244 835 ad
266 794 375 849 porri
399 801 439 836 et
462 795 603 836 ciceris
626 794 758 836 refero
781 795 998 850 laganique
1022 795 1212 836 catinum.

192 870 318 898 coena
341 857 590 898 ministratur
611 858 748 911 pueris
773 857 919 907 tribus,
945 863 984 898 et
1007 857 1110 912 lapis
1135 857 1251 899 albus

190 918 339 974 pocula
362 933 455 960 cum
480 919 627 973 cyatho
651 919 733 960 duo
758 918 948 968 sustinet3
974 919 1109 961 adstat
1132 919 1300 960 echinus

191 980 302 1030 vilis,
328 995 421 1022 curn
445 987 586 1035 patera
609 987 768 1037 guttus,
796 980 1009 1036 Campana
1033 981 1228 1036 supellex.

191 1043 337 1084 deinde
361 1057 409 1084 eo
434 1043 672 1093 dormitum,
696 1058 780 1084 non
803 1043 998 1084 sollicitus
1022 1043 1121 1084 mihi
1145 1043 1255 1096 quod
1278 1057 1367 1084 cras

191 1106 442 1160 surgendum
467 1106 519 1147 sit
541 1120 678 1154 mane,
704 1105 916 1147 obeundus
939 1103 1127 1159 Marsya,
1153 1105 1223 1158 qui
1247 1119 1292 1147 se

190 1167 348 1208 vultum
372 1167 477 1208 ferre
501 1174 624 1222 negat
647 1166 870 1208 Noviorum
893 1181 1016 1222 posse
1039 1167 1218 1208 minoris.

191 1230 244 1270 ad
267 1236 452 1283 quartam
475 1229 589 1270 iaceo
597 1246 608 1279 ;
632 1235 726 1284 post
749 1229 854 1270 hanc
878 1244 1022 1284 vagor,
1048 1236 1118 1270 aut
1142 1243 1238 1284 ego,
1262 1228 1368 1270 lecto

191 1298 260 1332 aut
285 1291 434 1346 scripto
458 1292 569 1345 quod
592 1306 658 1332 me
682 1290 850 1332 tacitum
872 1291 1003 1340 iuvet,
1029 1305 1162 1346 ungor
1185 1290 1306 1341 olivo,

189 1368 272 1394 non
295 1368 376 1407 quo
401 1353 599 1395 fraudatis
623 1352 857 1394 immundus
882 1351 1006 1393 Natta
1027 1352 1217 1394 lucernis.

191 1422 254 1457 ast.
276 1416 348 1457 ubi
371 1430 436 1457 me
460 1416 617 1457 fessum
643 1415 704 1457 sol
728 1415 857 1456 acrior
879 1416 937 1456 ire
960 1415 1140 1456 lavatum

190 1478 418 1528 admonuit,
444 1478 559 1533 fugio
584 1492 774 1532 campum
797 1477 1014 1530 lusumque
1038 1477 1250 1532 trigonem.

189 1554 362 1595 pransus
387 1555 468 1581 non
492 1541 628 1590 avide,
654 1546 851 1593 quantum
875 1539 1102 1593 interpellet
1124 1539 1236 1580 inani

188 1610 328 1643 ventre
353 1603 459 1643 diem
485 1603 647 1651 durare,
674 1602 920 1642 domesticus
946 1601 1059 1642 otior.
1086 1601 1187 1642 haec
1211 1606 1274 1642 est

189 1664 273 1705 vita
298 1664 522 1706 solutorum
545 1664 694 1705 misera
718 1663 937 1704 ambitione
961 1663 1175 1718 gravique:

190 1725 254 1767 his
279 1741 344 1767 me
369 1726 556 1768 consolor
579 1726 782 1767 victurum
808 1725 974 1767 suavius
999 1739 1047 1765 ac
1072 1725 1107 1766 si

189 1795 381 1841 quaestor
404 1803 505 1829 avus
529 1794 646 1842 pater
669 1794 791 1841 atque
814 1801 930 1828 meus
955 1793 1205 1841 patruusque
1229 1785 1387 1827 fuisset.

680 1946 915 1986 SATIRA
944 1946 1042 1984 VII.

187 2034 411 2090 Proscripti
434 2035 562 2090 Regis
586 2034 728 2089 Rupili
750 2049 827 2088 pus
853 2039 974 2087 atque
998 2046 1200 2074 venenum

188 2097 361 2152 hybrida
384 2112 465 2151 quo
489 2104 607 2151 pacto
634 2097 684 2137 sit
707 2095 875 2137 Persius
900 2095 1028 2144 ultus,
1053 2094 1196 2149 opinor

189 2159 377 2200 omnibus
402 2166 441 2199 et
464 2158 586 2214 lippis
611 2164 752 2199 notum
778 2164 818 2198 et
841 2156 1072 2198 tonsoribus
1098 2170 1202 2197 esse.

188 2219 357 2262 Persius
382 2220 448 2261 hic
472 2234 695 2275 permagna
717 2219 882 2274 negotia
906 2218 1020 2259 dives
1044 2217 1222 2259 habebat

191 2281 468 2332 Clazomenis,
495 2282 616 2322 etiam
639 2281 730 2322 lites
756 2295 849 2321 cum
872 2280 988 2335 Rege
1013 2279 1226 2329 molestas;

190 2344 315 2385 durus
340 2343 461 2385 homo
487 2349 607 2396 atque
632 2342 724 2384 odio
748 2342 817 2396 qui
841 2348 980 2396 posset
1003 2341 1164 2382 vincere
1187 2340 1359 2396 Regem,

191 2405 416 2454 confidens,
443 2405 641 2453 tumidus,
667 2404 768 2445 adeo
794 2403 991 2445 sermonis
1015 2402 1154 2451 amari,

191 2466 406 2517 Sisennas,
432 2467 583 2508 Barros
607 2473 652 2507 ut
676 2466 790 2520 equis
813 2471 1089 2520 praecurreret
1111 2463 1230 2505 albis.

189 2529 242 2571 ad
264 2529 423 2583 Regem
446 2529 581 2570 redeo.
605 2535 822 2583 postquam
845 2527 945 2568 nihil
967 2527 1072 2568 inter
1095 2532 1313 2578 utrumque

126 2604 166 2635 10
190 2591 396 2632 convenit:
421 2590 500 2631 hoc
523 2590 672 2631 etenim
698 2596 791 2631 sunt
815 2603 956 2630 omnes
980 2588 1067 2629 iure
1091 2586 1262 2636 molesti,

189 2667 270 2708 quo
293 2653 439 2703 fortes,
464 2651 614 2707 quibus
639 2652 856 2694 adversum
880 2650 1032 2693 bellum
1055 2649 1213 2691 incidit:
1238 2647 1341 2690 inter
