1500 2820
222 1383 241 1413 5

202 1690 242 1720 10

202 1996 243 2027 15

201 2305 244 2336 20

202 2613 244 2645 25

266 205 346 246 122
690 211 732 254 Q.
757 210 968 247 HORATII
985 209 1163 248 FLACCI

627 551 680 600 Q.
709 551 983 591 HORATII
1011 551 1239 591 FLAOGI

435 676 1433 756 SATIRARUM

719 843 893 877 LIBER
915 842 1147 878 PRIMUS.

781 1019 1015 1061 SATIRA
1044 1021 1081 1058 I.

267 1117 350 1170 Qui
372 1116 435 1166 fit,
460 1115 700 1164 Maecenas,
725 1119 770 1155 ut
791 1128 930 1164 nemo,
955 1128 1079 1168 quam
1103 1112 1181 1155 sibi
1205 1125 1354 1155 sortem

266 1194 340 1221 seu
362 1178 463 1219 ratio
487 1176 642 1218 dederit
667 1190 740 1218 seu
762 1175 846 1217 fors
872 1174 1079 1225 obiecerit,
1103 1174 1173 1215 illa

266 1248 478 1283 contentus
503 1239 631 1288 vivat,
655 1237 794 1279 laudet
817 1238 978 1278 diversa
1002 1236 1245 1290 sequentes?

268 1318 317 1354 „o
341 1301 535 1344 fortunati
558 1298 852 1341 mercatoresl“
878 1298 1014 1354 gravis
1039 1297 1155 1339 annis
1172 1328 1181 1339 s

265 1365 381 1406 miles
406 1363 479 1413 ait,
505 1362 631 1404 multo
655 1361 737 1402 iam
760 1360 913 1402 fractus
937 1359 1119 1401 membra
1143 1358 1291 1401 labore.

266 1434 406 1470 contra
427 1430 643 1473 mercator,
668 1422 805 1464 navim
828 1421 1070 1464 iactantibus
1095 1421 1260 1463 austris:

269 1488 435 1542 „militia
459 1492 520 1528 est
542 1485 691 1541 potior!
718 1485 817 1538 quid
841 1483 973 1525 enim?
996 1484 1262 1525 concurritur:
1287 1483 1408 1524 horae

266 1557 471 1594 momento
497 1549 576 1590 cita
598 1562 707 1589 mors
732 1546 842 1588 venit
866 1553 936 1587 aut
958 1545 1127 1587 victoria
1148 1545 1292 1586 laeta.“

267 1612 486 1670 agricolam
509 1610 648 1651 laudat
670 1609 768 1650 iuris
792 1609 1010 1663 legumque
1032 1607 1199 1662 peritus,

267 1675 342 1717 sub
367 1673 465 1729 galli
489 1678 653 1714 cantum
676 1670 881 1712 consultor
902 1669 974 1711 ubi
997 1669 1101 1710 ostia
1123 1669 1271 1724 pulsat.

266 1737 354 1786 ille,
381 1734 485 1776 datis
510 1732 681 1774 vadibus
706 1731 776 1786 qui
798 1745 891 1772 rure
915 1737 1118 1772 extractus
1144 1730 1187 1771 in
1209 1729 1351 1771 urbem
1374 1735 1447 1779 est,

268 1792 375 1840 solos
400 1796 538 1838 felices
562 1794 745 1835 viventes
770 1793 917 1834 clamat
938 1793 982 1833 in
1004 1791 1116 1833 urbe.

267 1866 401 1901 cetera
425 1858 475 1899 de
498 1870 647 1912 genere
671 1855 765 1905 hoc,
792 1855 894 1896 adeo
919 1860 1013 1895 sunt
1035 1853 1180 1902 multa,
1205 1852 1415 1906 loquacem

268 1921 471 1962 delassare
495 1918 631 1959 valent
653 1916 840 1959 Fabium.
865 1930 918 1957 ne
941 1922 981 1957 te
1004 1929 1152 1965 morer,
1178 1914 1274 1955 audi

268 1997 349 2036 quo
372 1996 458 2023 rem
483 1979 694 2021 deducam.
720 1979 755 2019 si
778 1978 869 2031 quis
894 1978 1013 2027 deus,
1041 1991 1119 2028 „en
1141 1978 1264 2032 ego,“
1289 1975 1408 2024 dicat,

269 2044 376 2095 „iam
398 2042 546 2084 faciam
570 2041 681 2095 quod
704 2040 844 2081 vultis:
871 2039 948 2080 eris
973 2045 1034 2088 tu,
1060 2039 1129 2092 qui
1152 2038 1273 2080 mod‘o
1296 2037 1424 2086 miles,

267 2111 483 2154 mercat0r3
507 2110 569 2153 tu,
595 2102 803 2144 consultus
827 2102 967 2151 modo,
991 2101 1186 2142 rusticus:
1211 2099 1305 2140 hinc
1327 2114 1414 2149 vos,

267 2183 341 2210 vos
364 2167 460 2208 hinc
483 2165 647 2207 mutatis
673 2165 867 2205 discedite
890 2163 1085 2219 partibus.
1111 2161 1192 2204 eial

267 2230 366 2284 quid
391 2228 560 2271 statis?“
585 2252 639 2258 ——
663 2227 802 2268 nolint.
829 2226 939 2279 atqui
963 2225 1056 2267 licet
1080 2238 1171 2266 esse
1193 2223 1335 2265 beatis.

267 2292 367 2346 quid
390 2304 560 2332 caussae
584 2295 664 2339 est,
689 2288 831 2329 merito
856 2287 953 2341 quin
975 2287 1054 2328 illis
1078 2285 1262 2341 Iuppiter
1283 2283 1424 2326 ambas

267 2355 393 2396 iratus
417 2353 567 2396 buccas
591 2351 721 2400 inflet,
746 2365 878 2404 neque
903 2364 946 2391 se
970 2349 1057 2391 fore
1079 2348 1250 2404 posthac

267 2423 351 2457 tam
374 2414 536 2456 facilem
560 2414 685 2463 dicat,
710 2412 815 2454 votis
839 2417 885 2452 ut
906 2410 1099 2466 praebeat
1122 2409 1285 2451 aurem?

267 2483 476 2532 praeterea
500 2508 509 2517 .
525 2507 534 2517 .
550 2508 559 2517 .
583 2490 634 2517 ne
659 2475 717 2517 sic
739 2481 785 2516 ut
807 2474 878 2527 qui
900 2472 1093 2515 iocularia
1115 2472 1250 2513 ridens

267 2553 500 2594 percurram
524 2563 577 2568 —
601 2551 846 2591 quamquam
869 2535 1068 2575 ridentem
1091 2533 1224 2574 dicere
1247 2546 1389 2572 verum

269 2601 367 2654 quid
390 2599 524 2641 vetat?
547 2605 591 2640 ut
613 2598 750 2654 pueris
775 2597 871 2639 olim
895 2597 993 2637 dant
1017 2594 1196 2637 crustula
1218 2593 1356 2636 blandi

269 2662 473 2711 doctores,
499 2661 697 2703 elementa
721 2659 845 2702 velint
866 2665 911 2699 ut
934 2658 1087 2699 discere
1111 2656 1242 2711 prima
1263 2680 1318 2685 ——
