1500 2820
0 2763 58 2820 a
79 2810 85 2814 f.

416 238 419 239 ⁷
480 181 691 221 EPODON
713 181 882 218 LIBER.

48 264 294 347 {sinuatus
318 296 390 334 aut
411 289 638 332 Britannus
661 293 709 330 ut
733 286 1003 330 descenderet

99 380 101 382 -
173 369 291 398 sacra
313 359 526 397 catenatus
550 352 638 404 via3

117 418 191 462 sed
212 423 261 460 ut
284 417 512 461 secundum
535 422 634 459 vota
656 413 908 457 Parthorum
934 428 1010 457 sua

171 480 271 524 urbs
294 480 398 523 haec
420 479 571 536 periret
595 477 789 520 dextera?

116 559 251 600 neque
273 543 342 586 hic
363 542 473 599 lupis
498 557 588 585 mos
613 556 692 584 nec
716 540 796 583 suit
819 539 1008 583 leonibus

171 621 384 662 nunquam
406 605 487 648 nisi
509 605 553 647 in
576 605 718 661 dispar
741 603 854 646 feris.

116 670 284 714 furorne
307 684 454 713 caecos
478 684 532 711 an
554 668 662 725 rapit
686 667 750 710 vis
775 666 931 710 acrior?

172 749 226 776 an
250 732 396 790 culpa?
418 747 665 788 responsum
689 730 803 773 date!

117 802 272 848 tacent,
297 801 339 839 et
361 794 480 838 albus
505 810 578 838 ora
600 795 733 851 anor
755 793 887 836 inficit

172 865 415 914 mentesque
437 858 654 915 perculsae
680 863 860 914 stupent.
886 882 941 888 —

118 923 179 966 sic
201 929 282 966 est:
308 921 458 966 acerba
480 922 567 964 fata
590 921 804 965 Romanos
830 926 961 978 agunt

175 985 393 1040 scelusque
417 985 623 1028 fraternae
647 985 775 1036 necis,

118 1059 164 1092 ut
185 1048 438 1092 immerentis
462 1048 582 1091 fluxit
604 1049 649 1091 in
673 1055 827 1091 terram
849 1047 974 1090 Remi

175 1126 291 1156 sacer
313 1111 533 1169 nepotibus
559 1127 691 1155 cruor.

481 1299 745 1339 CARMEN
773 1299 897 1338 vm.

392 1401 444 1434 IN
471 1401 616 1435 ANUM
638 1401 984 1434 LIBIDINOSAM.

119 1491 285 1550 Rogare
307 1491 434 1550 longo
457 1491 647 1548 putidam
670 1497 711 1534 te
737 1490 907 1534 saeculo

174 1555 284 1598 vires
307 1555 408 1611 quid
431 1561 599 1598 enervet
622 1570 752 1606 meas,

121 1632 216 1661 cum
240 1618 294 1661 sit
315 1618 391 1662 tibi
414 1618 517 1662 dens
542 1625 631 1661 ater
653 1624 695 1661 et
716 1619 834 1676 rugis
858 1624 979 1661 vetus

177 1680 356 1724 frontem
381 1688 572 1725 senectus
598 1688 752 1733 exaret,

121 1743 288 1800 hietque
311 1745 443 1802 turpis
466 1745 573 1788 inter
597 1745 734 1788 aridas
758 1751 876 1788 nates

175 1807 315 1864 podex
337 1808 451 1850 velut
475 1808 627 1851 crudae
649 1807 797 1851 bovis?

122 1871 197 1913 sed
218 1871 362 1914 incitat
383 1886 451 1914 me
474 1878 620 1928 pectus
646 1878 687 1914 et
710 1886 916 1913 mammae
938 1878 1095 1928 putres,

178 1933 330 1989 equina
352 1934 496 1989 quales
519 1933 662 1985 ubera,

122 2002 345 2052 venterque
369 1997 523 2048 mollis,
550 2004 591 2039 et
613 1997 750 2039 femur
774 1997 1028 2040 tumentibus

180 2059 286 2102 exile
311 2060 418 2102 suris
443 2060 643 2102 additum.

125 2128 214 2165 esto
237 2121 379 2173 beata,
404 2122 530 2165 funus
556 2130 680 2178 atque
703 2123 908 2180 imagines

182 2185 336 2227 ducant
359 2185 628 2242 triumphales
653 2193 790 2237 tuum3

123 2263 200 2291 nec
225 2248 279 2291 sit
301 2249 467 2300 marita,
492 2263 599 2304 quae
622 2250 929 2293 rotundioribus

183 2317 334 2354 onusta
355 2311 495 2355 baccis
520 2312 714 2356 ambulet.
741 2339 796 2344 ——

125 2374 250 2430 quid?
272 2375 385 2430 quod
406 2375 534 2418 libelli
560 2374 691 2419 Stoici
713 2377 820 2420 inter
845 2375 1011 2421 Sericos

180 2437 315 2480 iacere
338 2437 530 2494 pulvillos
557 2446 697 2482 amant
704 2456 716 2492 3

125 2499 305 2542 illiterati
327 2515 428 2543 num
451 2501 587 2545 minus
611 2503 728 2545 nervi
751 2503 898 2560 rigent,

184 2563 373 2606 minusve
396 2564 566 2622 languet
589 2565 821 2608 fascinum?

128 2626 242 2681 quod
264 2632 310 2668 ut
334 2627 511 2683 superbo
535 2643 736 2684 provoces
762 2629 815 2671 ab
839 2629 1023 2686 inguine,

184 2703 254 2732 ore
277 2689 587 2733 allaborandum
612 2698 675 2734 est
699 2691 785 2734 tibi.

1284 170 1363 213 111

1396 488 1437 520 10

1397 805 1439 838 15

1397 1123 1440 1155 20

1403 2073 1445 2104 10

1404 2390 1445 2422 15

1403 2705 1447 2736 20
