<?xml version="1.0" encoding="UTF-8"?>
<!DOCTYPE html PUBLIC "-//W3C//DTD XHTML 1.0 Transitional//EN"
    "http://www.w3.org/TR/xhtml1/DTD/xhtml1-transitional.dtd">
<html xmlns="http://www.w3.org/1999/xhtml" xml:lang="en" lang="en">
 <head>
  <title>
</title>
<meta http-equiv="Content-Type" content="text/html;charset=utf-8" />
  <meta name='ocr-system' content='tesseract 3.04.00' />
  <meta name='ocr-capabilities' content='ocr_page ocr_carea ocr_par ocr_line ocrx_word'/>
</head>
<body>
  <div class='ocr_page' id='page_1' title='image "./operaomni00horauoft_0115.png"; bbox 0 0 1546 2820; ppageno 0'>
   <div class='ocr_carea' id='block_1_1' title="bbox 0 0 298 118">
    <p class='ocr_par' dir='ltr' id='par_1_1' title="bbox 0 0 298 118">
     <span class='ocr_line' id='line_1_1' title="bbox 0 0 298 118; baseline 0 2702"><span class='ocrx_word' id='word_1_1' title='bbox 0 0 298 118; x_wconf 95' lang='lat' dir='ltr'><strong> </strong></span> 
     </span>
    </p>
   </div>
   <div class='ocr_carea' id='block_1_2' title="bbox 395 166 841 207">
    <p class='ocr_par' dir='ltr' id='par_1_2' title="bbox 395 166 841 207">
     <span class='ocr_line' id='line_1_2' title="bbox 395 166 841 207; baseline -0.009 0"><span class='ocrx_word' id='word_1_2' title='bbox 395 166 670 207; x_wconf 77' lang='lat' dir='ltr'><strong>CARMINUM</strong></span> <span class='ocrx_word' id='word_1_3' title='bbox 692 166 791 204; x_wconf 89' lang='lat' dir='ltr'><strong>LIB.</strong></span> <span class='ocrx_word' id='word_1_4' title='bbox 811 168 841 204; x_wconf 88' lang='lat' dir='ltr'>L</span> 
     </span>
    </p>
   </div>
   <div class='ocr_carea' id='block_1_3' title="bbox 167 274 1020 518">
    <p class='ocr_par' dir='ltr' id='par_1_3' title="bbox 167 274 1020 518">
     <span class='ocr_line' id='line_1_3' title="bbox 169 274 1020 332; baseline -0.009 -10"><span class='ocrx_word' id='word_1_5' title='bbox 169 278 233 322; x_wconf 86' lang='lat' dir='ltr'><strong>dis</strong></span> <span class='ocrx_word' id='word_1_6' title='bbox 257 290 376 320; x_wconf 84' lang='lat' dir='ltr'><strong>carus</strong></span> <span class='ocrx_word' id='word_1_7' title='bbox 400 275 521 332; x_wconf 90' lang='lat' dir='ltr'><strong>ipsis,</strong></span> <span class='ocrx_word' id='word_1_8' title='bbox 547 274 700 330; x_wconf 82' lang='lat' dir='ltr'>quippe</span> <span class='ocrx_word' id='word_1_9' title='bbox 723 279 786 315; x_wconf 89' lang='lat' dir='ltr'><strong>ter</strong></span> <span class='ocrx_word' id='word_1_10' title='bbox 810 279 850 315; x_wconf 89' lang='lat' dir='ltr'><strong>et</strong></span> <span class='ocrx_word' id='word_1_11' title='bbox 874 278 1020 327; x_wconf 85' lang='lat' dir='ltr'>quater</span> 
     </span>
     <span class='ocr_line' id='line_1_4' title="bbox 167 335 945 393; baseline -0.01 -8"><span class='ocrx_word' id='word_1_12' title='bbox 167 355 276 385; x_wconf 89' lang='lat' dir='ltr'><strong>anno</strong></span> <span class='ocrx_word' id='word_1_13' title='bbox 297 338 482 389; x_wconf 83' lang='lat' dir='ltr'>revisens</span> <span class='ocrx_word' id='word_1_14' title='bbox 507 351 662 393; x_wconf 83' lang='lat' dir='ltr'><strong>aequor</strong></span> <span class='ocrx_word' id='word_1_15' title='bbox 684 335 945 379; x_wconf 80' lang='lat' dir='ltr'><strong>Atlanticum</strong></span> 
     </span>
     <span class='ocr_line' id='line_1_5' title="bbox 221 399 869 461; baseline -0.009 -14"><span class='ocrx_word' id='word_1_16' title='bbox 221 404 408 461; x_wconf 82' lang='lat' dir='ltr'><strong>impune:</strong></span> <span class='ocrx_word' id='word_1_17' title='bbox 432 416 499 444; x_wconf 93' lang='lat' dir='ltr'><strong>me</strong></span> <span class='ocrx_word' id='word_1_18' title='bbox 521 406 700 458; x_wconf 86' lang='lat' dir='ltr'><strong>pascunt</strong></span> <span class='ocrx_word' id='word_1_19' title='bbox 722 399 869 451; x_wconf 90' lang='lat' dir='ltr'><strong>olivae,</strong></span> 
     </span>
     <span class='ocr_line' id='line_1_6' title="bbox 277 462 1019 518; baseline -0.007 -9"><span class='ocrx_word' id='word_1_20' title='bbox 277 481 344 509; x_wconf 92' lang='lat' dir='ltr'><strong>me</strong></span> <span class='ocrx_word' id='word_1_21' title='bbox 368 465 558 508; x_wconf 80' lang='lat' dir='ltr'><strong>cichorea</strong></span> <span class='ocrx_word' id='word_1_22' title='bbox 581 464 777 518; x_wconf 88' lang='lat' dir='ltr'><strong>levesque</strong></span> <span class='ocrx_word' id='word_1_23' title='bbox 801 462 975 505; x_wconf 87' lang='lat' dir='ltr'><strong>malvae.</strong></span> <span class='ocrx_word' id='word_1_24' title='bbox 1012 478 1019 481; x_wconf 84' lang='grc'><strong><em>·</em></strong></span> 
     </span>
    </p>
   </div>
   <div class='ocr_carea' id='block_1_4' title="bbox 165 554 1017 804">
    <p class='ocr_par' dir='ltr' id='par_1_4' title="bbox 165 554 1017 804">
     <span class='ocr_line' id='line_1_7' title="bbox 165 554 788 615; baseline -0.008 -14"><span class='ocrx_word' id='word_1_25' title='bbox 165 558 246 601; x_wconf 87' lang='lat' dir='ltr'><strong>frui</strong></span> <span class='ocrx_word' id='word_1_26' title='bbox 269 557 424 615; x_wconf 84' lang='lat' dir='ltr'><strong>paratis</strong></span> <span class='ocrx_word' id='word_1_27' title='bbox 449 563 490 599; x_wconf 88' lang='lat' dir='ltr'><strong>et</strong></span> <span class='ocrx_word' id='word_1_28' title='bbox 513 555 650 598; x_wconf 90' lang='lat' dir='ltr'><strong>valido</strong></span> <span class='ocrx_word' id='word_1_29' title='bbox 674 554 788 606; x_wconf 89' lang='lat' dir='ltr'><strong>mihi,</strong></span> 
     </span>
     <span class='ocr_line' id='line_1_8' title="bbox 165 617 963 675; baseline -0.008 -10"><span class='ocrx_word' id='word_1_30' title='bbox 165 622 320 672; x_wconf 88' lang='lat' dir='ltr'><strong>Latoe,</strong></span> <span class='ocrx_word' id='word_1_31' title='bbox 345 620 494 671; x_wconf 90' lang='lat' dir='ltr'><strong>dones,</strong></span> <span class='ocrx_word' id='word_1_32' title='bbox 519 633 587 670; x_wconf 87' lang='lat' dir='ltr'><strong>ac,</strong></span> <span class='ocrx_word' id='word_1_33' title='bbox 612 633 776 675; x_wconf 83' lang='lat' dir='ltr'><strong>precor,</strong></span> <span class='ocrx_word' id='word_1_34' title='bbox 800 617 963 674; x_wconf 86' lang='lat' dir='ltr'><strong>integra</strong></span> 
     </span>
     <span class='ocr_line' id='line_1_9' title="bbox 221 687 1017 738; baseline -0.005 -12"><span class='ocrx_word' id='word_1_35' title='bbox 221 698 317 726; x_wconf 88' lang='lat' dir='ltr'><strong>cum</strong></span> <span class='ocrx_word' id='word_1_36' title='bbox 339 689 495 734; x_wconf 90' lang='lat' dir='ltr'><strong>mente,</strong></span> <span class='ocrx_word' id='word_1_37' title='bbox 519 696 597 724; x_wconf 89' lang='lat' dir='ltr'><strong>nec</strong></span> <span class='ocrx_word' id='word_1_38' title='bbox 621 689 784 738; x_wconf 85' lang='lat' dir='ltr'><strong>turpem</strong></span> <span class='ocrx_word' id='word_1_39' title='bbox 809 687 1017 723; x_wconf 85' lang='lat' dir='ltr'><strong>senectam</strong></span> 
     </span>
     <span class='ocr_line' id='line_1_10' title="bbox 278 744 954 804; baseline -0.004 -15"><span class='ocrx_word' id='word_1_40' title='bbox 278 746 429 804; x_wconf 89' lang='lat' dir='ltr'><strong>degere</strong></span> <span class='ocrx_word' id='word_1_41' title='bbox 452 759 530 788; x_wconf 89' lang='lat' dir='ltr'><strong>nec</strong></span> <span class='ocrx_word' id='word_1_42' title='bbox 553 744 711 787; x_wconf 88' lang='lat' dir='ltr'><strong>cithara</strong></span> <span class='ocrx_word' id='word_1_43' title='bbox 734 749 954 787; x_wconf 80' lang='lat' dir='ltr'><strong>carentem.</strong></span> 
     </span>
    </p>
   </div>
   <div class='ocr_carea' id='block_1_5' title="bbox 381 913 864 1043">
    <p class='ocr_par' dir='ltr' id='par_1_5' title="bbox 381 913 864 1043">
     <span class='ocr_line' id='line_1_11' title="bbox 381 913 864 955; baseline -0.006 -1"><span class='ocrx_word' id='word_1_44' title='bbox 381 914 643 955; x_wconf 83' lang='lat' dir='ltr'><strong>GARMEN</strong></span> <span class='ocrx_word' id='word_1_45' title='bbox 671 913 864 954; x_wconf 88' lang='lat' dir='ltr'>XXXII.</span> 
     </span>
     <span class='ocr_line' id='line_1_12' title="bbox 462 1010 784 1043; baseline -0.003 0"><span class='ocrx_word' id='word_1_46' title='bbox 462 1011 534 1043; x_wconf 89' lang='lat' dir='ltr'><strong>AD</strong></span> <span class='ocrx_word' id='word_1_47' title='bbox 566 1010 784 1043; x_wconf 79' lang='lat' dir='ltr'><strong>LYRAM.</strong></span> 
     </span>
    </p>
   </div>
   <div class='ocr_carea' id='block_1_6' title="bbox 166 1092 1105 1336">
    <p class='ocr_par' dir='ltr' id='par_1_6' title="bbox 166 1092 1005 1150">
     <span class='ocr_line' id='line_1_13' title="bbox 166 1092 1005 1150; baseline -0.005 -10"><span class='ocrx_word' id='word_1_48' title='bbox 166 1095 395 1140; x_wconf 86' lang='lat' dir='ltr'><strong>Poscimur.</strong></span> <span class='ocrx_word' id='word_1_49' title='bbox 421 1094 458 1136; x_wconf 88' lang='lat' dir='ltr'><strong>si</strong></span> <span class='ocrx_word' id='word_1_50' title='bbox 482 1094 583 1150; x_wconf 87' lang='lat' dir='ltr'><strong>quid</strong></span> <span class='ocrx_word' id='word_1_51' title='bbox 606 1094 728 1137; x_wconf 89' lang='lat' dir='ltr'><strong>vacui</strong></span> <span class='ocrx_word' id='word_1_52' title='bbox 753 1093 831 1137; x_wconf 85' lang='lat' dir='ltr'><strong>sub</strong></span> <span class='ocrx_word' id='word_1_53' title='bbox 856 1092 1005 1136; x_wconf 88' lang='lat' dir='ltr'><strong>umbra</strong></span> 
     </span>
    </p>

    <p class='ocr_par' dir='ltr' id='par_1_7' title="bbox 167 1157 1105 1214">
     <span class='ocr_line' id='line_1_14' title="bbox 167 1157 1105 1214; baseline -0.004 -12"><span class='ocrx_word' id='word_1_54' title='bbox 167 1158 342 1202; x_wconf 88' lang='lat' dir='ltr'><strong>lusimus</strong></span> <span class='ocrx_word' id='word_1_55' title='bbox 367 1165 523 1209; x_wconf 89' lang='lat' dir='ltr'><strong>tecum,</strong></span> <span class='ocrx_word' id='word_1_56' title='bbox 548 1158 661 1214; x_wconf 91' lang='lat' dir='ltr'><strong>quod</strong></span> <span class='ocrx_word' id='word_1_57' title='bbox 685 1163 726 1200; x_wconf 89' lang='lat' dir='ltr'><strong>et</strong></span> <span class='ocrx_word' id='word_1_58' title='bbox 748 1157 860 1199; x_wconf 91' lang='lat' dir='ltr'><strong>hunc</strong></span> <span class='ocrx_word' id='word_1_59' title='bbox 883 1157 927 1199; x_wconf 91' lang='lat' dir='ltr'><strong>in</strong></span> <span class='ocrx_word' id='word_1_60' title='bbox 951 1171 1105 1199; x_wconf 88' lang='lat' dir='ltr'><strong>annum</strong></span> 
     </span>
    </p>

    <p class='ocr_par' dir='ltr' id='par_1_8' title="bbox 167 1219 979 1336">
     <span class='ocr_line' id='line_1_15' title="bbox 167 1219 979 1279; baseline -0.004 -15"><span class='ocrx_word' id='word_1_61' title='bbox 167 1222 279 1265; x_wconf 86' lang='lat' dir='ltr'><strong>vivat</strong></span> <span class='ocrx_word' id='word_1_62' title='bbox 303 1227 344 1264; x_wconf 90' lang='lat' dir='ltr'><strong>et</strong></span> <span class='ocrx_word' id='word_1_63' title='bbox 365 1221 526 1279; x_wconf 86' lang='lat' dir='ltr'><strong>plures3</strong></span> <span class='ocrx_word' id='word_1_64' title='bbox 551 1235 649 1278; x_wconf 89' lang='lat' dir='ltr'><strong>age,</strong></span> <span class='ocrx_word' id='word_1_65' title='bbox 675 1220 742 1263; x_wconf 89' lang='lat' dir='ltr'><strong>dic</strong></span> <span class='ocrx_word' id='word_1_66' title='bbox 765 1219 979 1271; x_wconf 89' lang='lat' dir='ltr'><strong>Latinum,</strong></span> 
     </span>
     <span class='ocr_line' id='line_1_16' title="bbox 250 1284 633 1336; baseline -0.008 -8"><span class='ocrx_word' id='word_1_67' title='bbox 250 1284 428 1336; x_wconf 86' lang='lat' dir='ltr'><strong>barbite,</strong></span> <span class='ocrx_word' id='word_1_68' title='bbox 454 1298 633 1335; x_wconf 88' lang='lat' dir='ltr'><strong>carmen,</strong></span> 
     </span>
    </p>
   </div>
   <div class='ocr_carea' id='block_1_7' title="bbox 167 1374 964 1615">
    <p class='ocr_par' dir='ltr' id='par_1_9' title="bbox 167 1374 964 1558">
     <span class='ocr_line' id='line_1_17' title="bbox 167 1374 883 1433; baseline -0.004 -14"><span class='ocrx_word' id='word_1_69' title='bbox 167 1375 326 1419; x_wconf 87' lang='lat' dir='ltr'><strong>Lesbio</strong></span> <span class='ocrx_word' id='word_1_70' title='bbox 349 1375 529 1433; x_wconf 87' lang='lat' dir='ltr'><strong>primum</strong></span> <span class='ocrx_word' id='word_1_71' title='bbox 553 1374 764 1418; x_wconf 89' lang='lat' dir='ltr'><strong>modulate</strong></span> <span class='ocrx_word' id='word_1_72' title='bbox 790 1374 883 1426; x_wconf 87' lang='lat' dir='ltr'><strong>civi,</strong></span> 
     </span>
     <span class='ocr_line' id='line_1_18' title="bbox 167 1437 964 1495; baseline -0.004 -13"><span class='ocrx_word' id='word_1_73' title='bbox 167 1439 239 1495; x_wconf 89' lang='lat' dir='ltr'><strong>qui</strong></span> <span class='ocrx_word' id='word_1_74' title='bbox 261 1438 381 1482; x_wconf 85' lang='lat' dir='ltr'><strong>ferox</strong></span> <span class='ocrx_word' id='word_1_75' title='bbox 402 1437 531 1490; x_wconf 89' lang='lat' dir='ltr'><strong>bello,</strong></span> <span class='ocrx_word' id='word_1_76' title='bbox 557 1444 697 1480; x_wconf 88' lang='lat' dir='ltr'><strong>tamen</strong></span> <span class='ocrx_word' id='word_1_77' title='bbox 720 1438 826 1480; x_wconf 88' lang='lat' dir='ltr'><strong>inter</strong></span> <span class='ocrx_word' id='word_1_78' title='bbox 850 1453 964 1480; x_wconf 86' lang='lat' dir='ltr'><strong>arma</strong></span> 
     </span>
     <span class='ocr_line' id='line_1_19' title="bbox 168 1501 797 1558; baseline -0.005 -13"><span class='ocrx_word' id='word_1_79' title='bbox 168 1503 255 1545; x_wconf 90' lang='lat' dir='ltr'><strong>sive</strong></span> <span class='ocrx_word' id='word_1_80' title='bbox 277 1501 471 1545; x_wconf 87' lang='lat' dir='ltr'><strong>iactatam</strong></span> <span class='ocrx_word' id='word_1_81' title='bbox 494 1501 689 1558; x_wconf 85' lang='lat' dir='ltr'><strong>religarat</strong></span> <span class='ocrx_word' id='word_1_82' title='bbox 713 1501 797 1543; x_wconf 92' lang='lat' dir='ltr'><strong>udo</strong></span> 
     </span>
    </p>

    <p class='ocr_par' dir='ltr' id='par_1_10' title="bbox 249 1564 543 1615">
     <span class='ocr_line' id='line_1_20' title="bbox 249 1564 543 1615; baseline -0.003 -8"><span class='ocrx_word' id='word_1_83' title='bbox 249 1564 368 1607; x_wconf 85' lang='lat' dir='ltr'><strong>litore</strong></span> <span class='ocrx_word' id='word_1_84' title='bbox 391 1564 543 1615; x_wconf 87' lang='lat' dir='ltr'><strong>navim,</strong></span> 
     </span>
    </p>
   </div>
   <div class='ocr_carea' id='block_1_8' title="bbox 166 1654 1070 1887">
    <p class='ocr_par' dir='ltr' id='par_1_11' title="bbox 166 1654 1070 1838">
     <span class='ocr_line' id='line_1_21' title="bbox 166 1654 1070 1710; baseline -0.002 -11"><span class='ocrx_word' id='word_1_85' title='bbox 166 1655 369 1699; x_wconf 86' lang='lat' dir='ltr'><strong>Liberum</strong></span> <span class='ocrx_word' id='word_1_86' title='bbox 393 1661 435 1698; x_wconf 88' lang='lat' dir='ltr'><strong>et</strong></span> <span class='ocrx_word' id='word_1_87' title='bbox 456 1654 607 1698; x_wconf 80' lang='lat' dir='ltr'><strong>Musas</strong></span> <span class='ocrx_word' id='word_1_88' title='bbox 631 1655 922 1710; x_wconf 88' lang='lat' dir='ltr'><strong>Veneremque</strong></span> <span class='ocrx_word' id='word_1_89' title='bbox 948 1662 989 1697; x_wconf 89' lang='lat' dir='ltr'><strong>et</strong></span> <span class='ocrx_word' id='word_1_90' title='bbox 1011 1654 1070 1697; x_wconf 87' lang='lat' dir='ltr'><strong>illi</strong></span> 
     </span>
     <span class='ocr_line' id='line_1_22' title="bbox 169 1717 1000 1775; baseline -0.001 -14"><span class='ocrx_word' id='word_1_91' title='bbox 169 1733 331 1775; x_wconf 89' lang='lat' dir='ltr'><strong>semper</strong></span> <span class='ocrx_word' id='word_1_92' title='bbox 353 1718 590 1761; x_wconf 87' lang='lat' dir='ltr'><strong>haerentem</strong></span> <span class='ocrx_word' id='word_1_93' title='bbox 613 1733 790 1774; x_wconf 91' lang='lat' dir='ltr'><strong>puerum</strong></span> <span class='ocrx_word' id='word_1_94' title='bbox 814 1717 1000 1768; x_wconf 86' lang='lat' dir='ltr'><strong>canebat,</strong></span> 
     </span>
     <span class='ocr_line' id='line_1_23' title="bbox 169 1781 934 1838; baseline -0.001 -14"><span class='ocrx_word' id='word_1_95' title='bbox 169 1790 209 1824; x_wconf 89' lang='lat' dir='ltr'><strong>et</strong></span> <span class='ocrx_word' id='word_1_96' title='bbox 232 1782 399 1838; x_wconf 87' lang='lat' dir='ltr'><strong>Lycum</strong></span> <span class='ocrx_word' id='word_1_97' title='bbox 422 1781 552 1838; x_wconf 90' lang='lat' dir='ltr'><strong>nigris</strong></span> <span class='ocrx_word' id='word_1_98' title='bbox 577 1781 708 1823; x_wconf 86' lang='lat' dir='ltr'><strong>oculis</strong></span> <span class='ocrx_word' id='word_1_99' title='bbox 732 1781 934 1838; x_wconf 83' lang='lat' dir='ltr'><strong>nigroque</strong></span> 
     </span>
    </p>

    <p class='ocr_par' dir='ltr' id='par_1_12' title="bbox 253 1844 595 1887">
     <span class='ocr_line' id='line_1_24' title="bbox 253 1844 595 1887; baseline -0.003 0"><span class='ocrx_word' id='word_1_100' title='bbox 253 1844 363 1887; x_wconf 88' lang='lat' dir='ltr'><strong>crine</strong></span> <span class='ocrx_word' id='word_1_101' title='bbox 387 1844 595 1887; x_wconf 89' lang='lat' dir='ltr'><strong>decorum.</strong></span> 
     </span>
    </p>
   </div>
   <div class='ocr_carea' id='block_1_9' title="bbox 169 1934 1004 2166">
    <p class='ocr_par' dir='ltr' id='par_1_13' title="bbox 169 1934 1004 1992">
     <span class='ocr_line' id='line_1_25' title="bbox 169 1934 1004 1992; baseline -0.002 -13"><span class='ocrx_word' id='word_1_102' title='bbox 169 1951 193 1979; x_wconf 95' lang='lat' dir='ltr'><strong>o</strong></span> <span class='ocrx_word' id='word_1_103' title='bbox 217 1936 344 1978; x_wconf 88' lang='lat' dir='ltr'><strong>decus</strong></span> <span class='ocrx_word' id='word_1_104' title='bbox 367 1934 531 1978; x_wconf 89' lang='lat' dir='ltr'><strong>Phoebi</strong></span> <span class='ocrx_word' id='word_1_105' title='bbox 554 1941 596 1977; x_wconf 86' lang='lat' dir='ltr'><strong>et</strong></span> <span class='ocrx_word' id='word_1_106' title='bbox 619 1934 796 1992; x_wconf 89' lang='lat' dir='ltr'><strong>dapibus</strong></span> <span class='ocrx_word' id='word_1_107' title='bbox 822 1935 1004 1991; x_wconf 89' lang='lat' dir='ltr'><strong>supremi</strong></span> 
     </span>
    </p>

    <p class='ocr_par' dir='ltr' id='par_1_14' title="bbox 169 1996 897 2056">
     <span class='ocr_line' id='line_1_26' title="bbox 169 1996 897 2056; baseline -0.001 -15"><span class='ocrx_word' id='word_1_108' title='bbox 169 2004 287 2056; x_wconf 81' lang='lat' dir='ltr'><strong>grata</strong></span> <span class='ocrx_word' id='word_1_109' title='bbox 310 1998 475 2041; x_wconf 86' lang='lat' dir='ltr'><strong>testudo</strong></span> <span class='ocrx_word' id='word_1_110' title='bbox 498 1996 632 2048; x_wconf 87' lang='lat' dir='ltr'><strong>Iovis,</strong></span> <span class='ocrx_word' id='word_1_111' title='bbox 658 2012 683 2040; x_wconf 92' lang='lat' dir='ltr'><strong>o</strong></span> <span class='ocrx_word' id='word_1_112' title='bbox 707 1997 897 2040; x_wconf 88' lang='lat' dir='ltr'><strong>laborum</strong></span> 
     </span>
    </p>

    <p class='ocr_par' dir='ltr' id='par_1_15' title="bbox 170 2059 975 2166">
     <span class='ocr_line' id='line_1_27' title="bbox 170 2059 975 2116; baseline 0 -13"><span class='ocrx_word' id='word_1_113' title='bbox 170 2060 290 2103; x_wconf 88' lang='lat' dir='ltr'><strong>dulce</strong></span> <span class='ocrx_word' id='word_1_114' title='bbox 312 2059 509 2110; x_wconf 87' lang='lat' dir='ltr'><strong>lenimen,</strong></span> <span class='ocrx_word' id='word_1_115' title='bbox 534 2060 636 2102; x_wconf 89' lang='lat' dir='ltr'><strong>mihi</strong></span> <span class='ocrx_word' id='word_1_116' title='bbox 660 2075 836 2116; x_wconf 89' lang='lat' dir='ltr'><strong>cumque</strong></span> <span class='ocrx_word' id='word_1_117' title='bbox 862 2060 975 2103; x_wconf 85' lang='lat' dir='ltr'><strong>salve</strong></span> 
     </span>
     <span class='ocr_line' id='line_1_28' title="bbox 255 2123 532 2166; baseline 0.007 -2"><span class='ocrx_word' id='word_1_118' title='bbox 255 2123 332 2166; x_wconf 88' lang='lat' dir='ltr'><strong>rite</strong></span> <span class='ocrx_word' id='word_1_119' title='bbox 355 2123 532 2166; x_wconf 86' lang='lat' dir='ltr'><strong>vocanti.</strong></span> 
     </span>
    </p>
   </div>
   <div class='ocr_carea' id='block_1_10' title="bbox 291 2296 958 2429">
    <p class='ocr_par' dir='ltr' id='par_1_16' title="bbox 291 2296 958 2429">
     <span class='ocr_line' id='line_1_29' title="bbox 374 2296 871 2338; baseline 0 -1"><span class='ocrx_word' id='word_1_120' title='bbox 374 2296 636 2338; x_wconf 82' lang='lat' dir='ltr'>CARMEN</span> <span class='ocrx_word' id='word_1_121' title='bbox 663 2298 871 2338; x_wconf 71' lang='lat' dir='ltr'>XXXHL</span> 
     </span>
     <span class='ocr_line' id='line_1_30' title="bbox 291 2393 958 2429; baseline 0 -3"><span class='ocrx_word' id='word_1_122' title='bbox 291 2393 365 2426; x_wconf 88' lang='lat' dir='ltr'><strong>AD</strong></span> <span class='ocrx_word' id='word_1_123' title='bbox 397 2394 615 2428; x_wconf 85' lang='lat' dir='ltr'>ALBIUM</span> <span class='ocrx_word' id='word_1_124' title='bbox 646 2395 958 2429; x_wconf 74' lang='lat' dir='ltr'><strong>TrssULLUM.</strong></span> 
     </span>
    </p>
   </div>
   <div class='ocr_carea' id='block_1_11' title="bbox 172 2475 1007 2721">
    <p class='ocr_par' dir='ltr' id='par_1_17' title="bbox 172 2475 1007 2535">
     <span class='ocr_line' id='line_1_31' title="bbox 172 2475 1007 2535; baseline 0.004 -17"><span class='ocrx_word' id='word_1_125' title='bbox 172 2475 292 2527; x_wconf 92' lang='lat' dir='ltr'><strong>Albi,</strong></span> <span class='ocrx_word' id='word_1_126' title='bbox 316 2492 368 2519; x_wconf 91' lang='lat' dir='ltr'><strong>ne</strong></span> <span class='ocrx_word' id='word_1_127' title='bbox 392 2477 533 2521; x_wconf 87' lang='lat' dir='ltr'><strong>doleas</strong></span> <span class='ocrx_word' id='word_1_128' title='bbox 556 2479 653 2535; x_wconf 89' lang='lat' dir='ltr'><strong>plus</strong></span> <span class='ocrx_word' id='word_1_129' title='bbox 677 2479 823 2530; x_wconf 88' lang='lat' dir='ltr'><strong>nimio,</strong></span> <span class='ocrx_word' id='word_1_130' title='bbox 849 2493 1007 2522; x_wconf 87' lang='lat' dir='ltr'><strong>memor</strong></span> 
     </span>
    </p>

    <p class='ocr_par' dir='ltr' id='par_1_18' title="bbox 172 2538 976 2597">
     <span class='ocr_line' id='line_1_32' title="bbox 172 2538 976 2597; baseline 0.004 -17"><span class='ocrx_word' id='word_1_131' title='bbox 172 2539 340 2582; x_wconf 86' lang='lat' dir='ltr'><strong>immitis</strong></span> <span class='ocrx_word' id='word_1_132' title='bbox 366 2538 587 2597; x_wconf 85' lang='lat' dir='ltr'><strong>Glycerae,</strong></span> <span class='ocrx_word' id='word_1_133' title='bbox 611 2557 694 2584; x_wconf 90' lang='lat' dir='ltr'><strong>neu</strong></span> <span class='ocrx_word' id='word_1_134' title='bbox 717 2541 976 2584; x_wconf 86' lang='lat' dir='ltr'><strong>miserabiles</strong></span> 
     </span>
    </p>

    <p class='ocr_par' dir='ltr' id='par_1_19' title="bbox 174 2601 904 2721">
     <span class='ocr_line' id='line_1_33' title="bbox 174 2601 904 2660; baseline 0.003 -17"><span class='ocrx_word' id='word_1_135' title='bbox 174 2601 365 2645; x_wconf 89' lang='lat' dir='ltr'><strong>decantes</strong></span> <span class='ocrx_word' id='word_1_136' title='bbox 390 2603 549 2660; x_wconf 86' lang='lat' dir='ltr'><strong>elegos,</strong></span> <span class='ocrx_word' id='word_1_137' title='bbox 575 2618 648 2646; x_wconf 84' lang='lat' dir='ltr'><strong>cur</strong></span> <span class='ocrx_word' id='word_1_138' title='bbox 672 2604 747 2646; x_wconf 89' lang='lat' dir='ltr'><strong>tibi</strong></span> <span class='ocrx_word' id='word_1_139' title='bbox 770 2604 904 2645; x_wconf 88' lang='lat' dir='ltr'><strong>iunior</strong></span> 
     </span>
     <span class='ocr_line' id='line_1_34' title="bbox 258 2663 736 2721; baseline 0.006 -16"><span class='ocrx_word' id='word_1_140' title='bbox 258 2663 370 2707; x_wconf 86' lang='lat' dir='ltr'><strong>laesa</strong></span> <span class='ocrx_word' id='word_1_141' title='bbox 392 2666 619 2721; x_wconf 85' lang='lat' dir='ltr'><strong>praeniteat</strong></span> <span class='ocrx_word' id='word_1_142' title='bbox 642 2667 736 2708; x_wconf 79' lang='lat' dir='ltr'><strong>fide.</strong></span> 
     </span>
    </p>
   </div>
   <div class='ocr_carea' id='block_1_12' title="bbox 1330 410 1371 442">
    <p class='ocr_par' dir='ltr' id='par_1_20' title="bbox 1330 410 1371 442">
     <span class='ocr_line' id='line_1_35' title="bbox 1330 410 1371 442; baseline 0 0"><span class='ocrx_word' id='word_1_143' title='bbox 1330 410 1371 442; x_wconf 84' lang='lat'><strong>15</strong></span> 
     </span>
    </p>
   </div>
   <div class='ocr_carea' id='block_1_13' title="bbox 1328 755 1372 787">
    <p class='ocr_par' dir='ltr' id='par_1_21' title="bbox 1328 755 1372 787">
     <span class='ocr_line' id='line_1_36' title="bbox 1328 755 1372 787; baseline 0.023 -1"><span class='ocrx_word' id='word_1_144' title='bbox 1328 755 1372 787; x_wconf 82' lang='lat'><strong>20</strong></span> 
     </span>
    </p>
   </div>
   <div class='ocr_carea' id='block_1_14' title="bbox 1331 1732 1373 1764">
    <p class='ocr_par' dir='ltr' id='par_1_22' title="bbox 1331 1732 1373 1764">
     <span class='ocr_line' id='line_1_37' title="bbox 1331 1732 1373 1764; baseline 0.024 -1"><span class='ocrx_word' id='word_1_145' title='bbox 1331 1732 1373 1764; x_wconf 87' lang='grc'><strong>10</strong></span> 
     </span>
    </p>
   </div>
   <div class='ocr_carea' id='block_1_15' title="bbox 1331 2076 1373 2108">
    <p class='ocr_par' dir='ltr' id='par_1_23' title="bbox 1331 2076 1373 2108">
     <span class='ocr_line' id='line_1_38' title="bbox 1331 2076 1373 2108; baseline 0 0"><span class='ocrx_word' id='word_1_146' title='bbox 1331 2076 1373 2108; x_wconf 85' lang='grc'><strong>15</strong></span> 
     </span>
    </p>
   </div>
  </div>
 </body>
</html>
