1500 2820
188 617 230 648 25

190 946 232 977 30

190 1278 231 1308 35

189 1608 231 1639 40

187 1960 232 1991 45

189 2291 231 2322 50

191 2620 232 2652 55

274 0 280 10 '
302 0 310 9 v
338 0 343 3 ⁷
429 0 895 33 22⁹2¹OE2<Xqffisff⁹''ffl1'5<?.>WTr‘-}'f{³21?k³W⁴

440 25 451 38 τ,
502 31 504 35 ψ
519 30 541 42 7«
551 24 557 28 “
618 22 627 27 ”
882 35 889 46 b
921 35 928 48 ,
941 36 952 50 Ι,

258 217 311 260 74

683 225 726 268 Q.
745 222 959 260 HORATII
975 221 1156 260 FLAGOI

394 329 467 371 dos
492 334 554 370 est
577 343 727 384 magna
748 327 974 382 parentium

448 391 576 432 virtus
602 396 641 431 et
664 396 848 431 metuens
873 389 1036 431 alterius
1060 389 1137 431 viri

393 459 502 495 certo
526 452 690 493 foedere
714 452 897 501 castitas3

449 520 488 555 et
510 527 679 569 peccare
702 513 836 563 nefas,
862 519 932 554 aut
954 513 1128 568 pretium
1152 519 1215 555 est
1235 513 1350 556 mori.

392 617 416 645 o
439 603 623 658 quisquis
647 602 754 643 volet
777 603 922 658 impias

449 665 594 706 caedes
619 670 659 705 et
681 663 834 705 rabiem
858 663 997 705 tollere
1021 663 1202 714 civicam,

395 727 430 768 si
454 731 621 780 quaeret
644 741 766 766 PATER
787 741 931 766 vnmvm

451 786 651 828 subscribi
676 786 838 837 statuis,
862 787 1101 828 indomitam
1125 787 1272 828 audeat

393 870 598 912 refrenare
621 869 824 911 licentiam

449 931 580 973 clarus
605 931 864 986 postgenitis,
889 936 1106 984 quatenus,
1131 931 1213 972 heu
1234 931 1350 972 nefas

393 994 583 1036 virtutem
606 993 848 1034 incolumem
873 993 1044 1043 odimus,

448 1055 650 1097 sublatam
674 1069 725 1095 ex
748 1054 875 1096 oculis
900 1055 1131 1108 quaerimus
1154 1055 1293 1096 invidi.

394 1140 492 1195 quid
515 1140 649 1181 tristes
674 1139 960 1193 querimoniae,

451 1202 486 1243 si
508 1216 592 1242 non
616 1201 814 1256 supplicio
838 1200 958 1255 culpa
979 1200 1181 1251 reciditur,

393 1263 491 1318 quid
514 1263 627 1318 leges
653 1263 739 1304 sine
762 1261 943 1304 moribus

449 1339 578 1366 vanae
601 1323 833 1380 proficiunt,
860 1323 895 1365 si
917 1337 1049 1378 neque
1072 1322 1239 1365 fervidis

393 1424 487 1464 pars
511 1408 669 1450 inclusa
692 1407 892 1449 caloribus

449 1470 590 1511 mundi
612 1485 688 1511 nec
711 1469 868 1511 Boreae
891 1469 1106 1510 finitimum
1129 1468 1236 1510 latus

394 1532 643 1586 durataeque
668 1531 754 1573 solo
778 1531 894 1572 nives

448 1599 712 1635 mercatorem
737 1592 924 1647 abigunt,
949 1591 1111 1633 horrida
1135 1591 1269 1632 callidi

393 1677 561 1719 vincunt
584 1691 761 1730 aequora
783 1676 957 1725 navitae,

448 1754 642 1794 magnum
665 1738 878 1793 pauperies
902 1736 1163 1793 opprobrium
1185 1735 1298 1778 iubet

394 1801 554 1855 quidvis
583 1806 623 1842 et
645 1800 779 1841 facere
803 1806 843 1841 et
865 1800 962 1855 pati,

449 1862 690 1916 virtutisque
714 1862 823 1903 viam
847 1861 996 1903 deserit
1019 1860 1192 1902 arduae?

393 1946 458 1988 vel
481 1961 555 1989 nos
579 1946 623 1987 in
647 1944 907 2000 Capitolium,

449 2022 529 2062 quo
554 2007 706 2049 clamor
727 2013 846 2048 vocat
870 2013 910 2048 et
933 2005 1052 2048 turba
1073 2005 1310 2054 faventium,

393 2069 459 2111 vel
481 2084 555 2111 nos
579 2070 623 2110 in
645 2082 755 2110 mare
778 2069 1009 2123 proximum

449 2146 632 2187 gemmas
658 2136 698 2171 et
720 2129 875 2184 lapides
900 2144 1043 2170 aurum
1067 2134 1107 2170 et
1129 2127 1282 2178 inutile,

396 2214 544 2257 summi
566 2213 775 2255 materiem
799 2213 907 2262 mali,

450 2276 675 2325 mittamus,
703 2275 900 2316 scelerum
925 2273 960 2315 si
982 2273 1086 2315 bene
1109 2272 1299 2328 poenitet.

395 2337 597 2379 eradenda
620 2336 819 2391 cupidinis

449 2398 564 2454 pravi
589 2403 683 2439 sunt
707 2397 922 2446 elementa,
948 2402 988 2437 et
1011 2402 1171 2437 tenerae
1194 2394 1314 2436 nimis

394 2488 551 2524 mentes
575 2480 847 2537 asperioribus

449 2543 685 2585 formandae
710 2542 866 2584 studiis.
890 2541 1019 2582 nescit
1043 2555 1147 2594 equo
1170 2539 1282 2581 rudis

394 2605 559 2647 haerere
582 2605 784 2660 ingenuus
807 2617 909 2658 puer

450 2666 667 2720 venarique
691 2665 822 2715 timet,
846 2664 985 2706 ludere
1010 2663 1174 2713 doctior,
