1592 2808
505 180 544 216 Q·
567 173 727 206 nomm
748 167 888 198 FLAccl
1328 156 1437 188 LVII

12 307 17 309 ‚
178 259 396 306 injunxerit,
434 257 536 306 quod
564 267 597 292 a.
622 253 700 290 737.
723 245 1109 299 publicumprodiisse
1123 252 1355 280 censeamus.
1370 237 1437 275 Cui

32 307 94 349 ato
111 310 210 348 libro
226 307 338 344 tertio
357 306 500 341 factum
515 313 598 339 esse
613 312 700 337 con·
726 297 934 334 sententiae
960 293 1073 331 etiam
1097 303 1120 327 a
1138 289 1349 326 Kirchnero
1376 287 1439 321 de-

22 362 86 404 ·at,
111 355 206 392 sedi
234 364 315 389 sum
335 351 447 387 etiam
463 347 701 386 vindelicam
725 344 874 386 sensae,
896 342 962 377 sed
974 340 1029 375 ita
1040 343 1167 373 tamen
1181 335 1378 376 defensae,
1398 334 1441 366 ut

15 401 185 441 ctorim
228 393 700 436 'beriietDrusicelebrare
725 391 756 426 is
782 389 894 425 etiam
919 387 1014 422 duos
1038 384 1156 419 libros
1174 381 1319 427 priores
1340 388 1439 413 anno

34 448 144 486 suerit
154 446 325 492 adeoque
339 442 486 488 coeqerit
501 443 702 487 propterea
727 437 874 471 demum
887 433 964 468 736.
983 442 1059 467 una
1079 440 1161 464 cum
1179 426 1290 462 tertio
1310 425 1349 459 in
1362 423 1440 457 vul-

23 495 114 533 ibus
131 491 333 530 carminum
351 487 458 524 libris
477 499 517 522 ex
535 488 638 530 lonyo
651 485 701 518 in-
727 493 798 528 gus
830 479 986 515 emissos
1019 486 1102 512 esse
1137 471 1327 515 statuerit,
1364 479 1442 503 non

26 535 487 586 nulloquartumaddere.
505 530 630 577 Atque
644 529 702 564 his
727 537 897 563 veremur
926 535 973 559 ne
1006 521 1089 569 quis
1114 517 1326 565 Epistolam
1355 514 1442 549 libri

23 583 191 634 apositis,
220 581 311 631 quid
336 581 382 615 de
407 579 516 614 trium
537 577 702 623 priorum
727 571 835 619 primi
858 570 1008 606 tertiam
1039 566 1222 602 decimam
1253 558 1445 598 adversari

20 641 175 675 brorum
216 627 381 664 editione
420 622 704 660 existimandum
730 617 931 661 existimet,
952 625 1046 662 quae
1062 623 1151 647 sane
1167 620 1295 646 eorum
1306 604 1445 642 rationi

14 676 179 721 *esinatis
190 674 264 710 iam
278 669 589 708 demonstravisse
603 667 704 702 vide-
728 664 927 711 plurimum
958 659 1087 703 officit,
1125 656 1189 703 qui
1218 659 1295 690 tres
1325 652 1445 687 libros

17 701 88 762 23.
133 717 401 767 progredimur
428 714 630 762 aliquando
656 712 705 747 ad
730 710 875 757 priores
896 705 1123 743 coniunctim
1147 699 1357 749 posteriore
1384 697 1445 732 de—

21 764 133 806 &um
170 770 331 810 natm,
350 764 395 798 de
410 773 483 809 quo
496 759 627 807 paucis
642 758 704 793 ab-
730 767 828 791 mum
852 759 1037 799 tempore,
1062 751 1136 785 hoc
1156 751 1213 783 est
1238 755 1336 781 anno
1356 742 1446 788 736„

24 813 146 850 v*ssvere
180 811 304 847 ’cebit
352 806 597 844 Consentiunt
610 804 708 840 enim
758 800 875 836 ublici
887 799 976 834 iuris
986 798 1109 832 factos
1117 806 1199 830 esse
1208 792 1447 839 putaverunt.

15 859 70 896 Viri
81 857 183 894 docti
194 856 363 903 plerique
378 864 516 897 omnes,
531 850 706 893 carmina,
765 846 879 882 tenim
887 845 1041 891 primum
1049 841 1304 887 Epistolarum
1312 836 1449 870 librum

29 916 98 941 uae
123 914 168 940 eo
194 901 440 944 continentur,
467 898 606 943 scripta
625 906 707 931 esse
734 905 766 928 a.
788 892 864 927 734.
889 891 948 926 vel
972 888 1099 935 paullo
1126 889 1213 932 post
1232 883 1450 928 evulgatum

29 950 127 986 mnia
143 949 241 984 intra
259 958 377 982 annos
396 945 472 980 736.
492 948 530 979 et
549 942 625 977 741.
645 944 711 976 aut
735 949 816 974 esse
844 936 1048 972 certissime
1070 930 1313 978 cognoscitur
1333 939 1377 962 ex
1395 926 1450 960 ul-

29 995 82 1031 44.
105 995 200 1031 Nam
213 991 456 1029 eaBentleius
466 1001 497 1025 a.
506 987 709 1031 738—740.,
735 985 825 1020 tima
845 983 930 1017 libri
944 981 1044 1015 illius
1059 978 1232 1024 epistola.
1267 974 1345 1009 Iam
1361 982 1450 1007 vero

29 1041 234 1076 fimhnems
252 1050 284 1074 a.
297 1035 499 1080 736—744.‚
524 1032 710 1069 Frankius
736 1031 773 1066 in
787 1029 948 1075 epistola
962 1026 1071 1061 huius
1087 1023 1171 1059 libri
1182 1021 1287 1056 XIII.
1297 1017 1451 1054 vers.l7.

29 1091 44 1122 t
62 1085 245 1122 Weberus
269 1095 302 1119 a.
321 1081 510 1118 737—741.
560 1082 713 1115 exarata
736 1076 868 1112 Vinius
882 1073 1014 1108 Asella
1026 1071 1174 1106 iubetur
1189 1068 1338 1113 signata
1350 1064 1454 1098 volu-

29 1143 91 1168 sse
103 1130 347 1174 arbitrantur3
387 1128 497 1163 uibus
510 1124 712 1161 nositaad-
737 1122 837 1157 mina
866 1120 1056 1155 carminum
1081 1116 1129 1151 ad
1154 1113 1354 1149 Caesarem
1379 1109 1454 1160 Au-

28 1177 236 1224 tipulamur,
248 1180 291 1210 ut
303 1175 480 1210 iudlclum
494 1173 713 1215 detempore
740 1172 889 1214 gustum
908 1164 1087 1218 perferre.
1134 1160 1333 1195 Enimvero
1355 1166 1454 1200 cogi-

15 1247 17 1249 -
31 1222 180 1259 arminis
193 1220 312 1268 quinti
326 1219 458 1255 decimi
475 1217 636 1252 omnium
650 1225 714 1260 po·
740 1213 894 1248 tandum
906 1210 959 1245 1bi
974 1210 1052 1244 sine
1062 1207 1177 1242 dubio
1187 1210 1244 1240 est
1251 1204 1296 1238 dc
1307 1201 1455 1237 duobus

18 1275 144 1304 tremo
165 1266 293 1313 scripti
311 1265 439 1312 paullo
460 1263 568 1299 aliter
585 1271 716 1307 regen-
742 1263 885 1294 tantum
905 1255 1109 1291 carminum
1127 1251 1232 1286 libris
1252 1247 1454 1294 prioribus,

23 1326 97 1350 -.um
126 1317 351 1348 statuamus.
404 1311 584 1345 Putamus
621 1305 717 1342 enim
743 1316 819 1340 non
838 1303 926 1338 item
947 1302 992 1336 de
1014 1300 1151 1342 tribus,
1177 1300 1220 1331 ut
1237 1294 1301 1330 alii
1316 1297 1457 1327 statue-

27 1359 100 1395 [lud
125 1370 223 1395 anno
243 1357 332 1402 741„
356 1367 428 1391 nec
451 1365 540 1390 vero
560 1352 636 1387 744.
662 1363 718 1386 as—
742 1353 846 1393 runt3
866 1358 960 1394 quos
975 1345 1123 1392 quidem
1136 1342 1239 1389 prius
1254 1351 1364 1387 quam
1374 1337 1458 1383 Epi-

20 1405 149 1452 ignari
169 1407 352 1450 oportere.
391 1401 501 1443 Quod
522 1399 552 1434 si
573 1400 627 1433 ita
649 1401 718 1441 est,
745 1396 863 1431 stolas
883 1393 1004 1429 editos
1024 1391 1142 1426 fuisse
1162 1399 1206 1423 ex
1220 1386 1338 1431 Epist.
1352 1384 1381 1419 I.
1403 1383 1458 1428 19,

26 1452 104 1487 iber
129 1454 283 1498 quartus
307 1449 404 1483 intra
427 1458 461 1481 a.
482 1446 557 1480 735.
584 1448 622 1479 et
642 1443 717 1478 741.
743 1442 798 1477 32.
818 1441 870 1475 ita
890 1437 1123 1483 intelligitur,
1149 1438 1191 1469 ut
1208 1433 1260 1468 ibi
1274 1442 1350 1466 non
1364 1441 1459 1475 opus

31 1495 170 1544 eriptus
183 1506 265 1531 esse
284 1493 509 1528 iudicandus
529 1490 608 1526 erit.
654 1487 719 1523 At·
747 1488 794 1522 sit
818 1486 928 1521 etiam
954 1485 1000 1519 de
1026 1483 1123 1517 libro
1149 1479 1260 1515 tertio
1282 1476 1460 1521 cogitare.

25 1550 84 1589 [ue
117 1541 213 1577 haec
248 1539 372 1575 omnia
408 1538 439 1572 si
472 1535 721 1584 probabiliter
746 1532 1004 1568 Commoratus
1031 1532 1155 1563 autem
1176 1524 1316 1560 Caesar
1333 1524 1393 1557 Au
1422 1532 1462 1554 u-

13 1588 201 1670 ‹iiffiutata
221 1589 324 1630 sunt,
351 1588 484 1630 sponte
504 1583 655 1617 tandem
667 1579 723 1614 in-
748 1583 828 1613 stus
842 1574 1100 1618 a.730.et731.,
1115 1582 1189 1618 quo
1205 1575 1372 1614 tempore
1412 1576 1461 1600 uo

26 1645 50 1670 c
94 1636 214 1680 gatar,
238 1635 388 1678 poetam
405 1630 492 1664 inde
513 1629 560 1663 ab
576 1638 620 1662 eo
634 1631 722 1661 tem-
748 1623 834 1659 libri
852 1622 995 1668 priores
1017 1620 1171 1655 odarum
1186 1615 1350 1651 confecti
1365 1616 1462 1656 sunt,

26 1689 123 1732 iore,
160 1688 235 1724 quo
265 1676 422 1723 primum
455 1686 493 1710 se
519 1674 566 1708 ad
590 1671 724 1718 poesin
749 1670 879 1716 utique
894 1668 932 1702 in
946 1666 1058 1702 Italia
1072 1669 1142 1708 est,
1158 1659 1463 1708 quandoquidem

30 1735 170 1772 yncam
191 1722 394 1758 studiosius
417 1720 613 1756 colendam
639 1729 724 1752 con·
749 1716 873 1762 priore
899 1724 999 1749 anno
1024 1715 1122 1747 teste
1143 1709 1288 1743 D1one1
1316 1711 1354 1741 et
1379 1715 1464 1739 con-

25 1770 118 1815 mut,
142 1769 216 1804 hoc
229 1772 288 1804 est
304 1767 391 1802 inde
405 1767 452 1802 ab
467 1778 500 1801 a.
514 1764 591 1800 724.
604 1774 724 1810 usque
752 1761 913 1797 sulatum
932 1757 1051 1805 gessit
1070 1761 1107 1792 et
1126 1754 1274 1801 legibus
1295 1756 1354 1787 est
1368 1751 1466 1785 solu-

26 1814 190 1852 2d2741.
200 1818 276 1859 aut,
292 1813 413 1860 siquis
427 1812 481 1846 ita
493 1810 608 1854 malit,
624 1809 727 1856 quod
751 1811 811 1842 tus
832 1810 870 1841 et
887 1804 1080 1850 imperium
1100 1799 1370 1847 proconsulare
1385 1807 1466 1841 per-

25 1871 141 1915 :amen
170 1859 331 1894 fatemur
358 1857 468 1893 nobis
499 1857 618 1891 minus
644 1866 726 1900 pro—
751 1857 903 1905 petuum
924 1849 1088 1895 accepit,
1142 1845 1322 1881 osteriore
1344 1846 1468 1878 autem

25 1915 112 1958 ban,
125 1916 244 1958 usque
259 1905 307 1939 ad
321 1915 353 1939 a.
362 1902 439 1938 744.
454 1902 579 1948 lyricis
595 1900 726 1935 studiis
752 1899 839 1933 1nde
859 1909 882 1932 a
900 1897 959 1931 die
979 1896 1034 1930 27.
1053 1906 1100 1928 m.
1140 1891 1217 1926 unii
1236 1888 1468 1924 tribunitiam

0 1955 2 1990 ,ὲ
24 1956 73 1987 ιω.
85 1951 249 2003 deditum
261 1949 391 1994 fuisse,
415 1952 458 1983 ut
476 1952 619 1982 tantum
633 1947 729 1981 inter
754 1946 979 1990 potestatem
998 1942 1216 1986 perpetuam
1238 1934 1404 1979 suscepit
1415 1936 1469 1967 at-

0 2005 2 2027 ὲ
24 1997 118 2049 duos
146 1995 262 2030 hbros
290 1995 433 2041 priores
459 1997 570 2039 atque
594 1992 730 2027 librum
756 2000 828 2035 que
849 1999 933 2022 mox
954 1987 1065 2021 etiam
1085 1982 1305 2018 Marcellum
1323 1990 1392 2026 pro
1414 1978 1470 2012 fu-

0 2050 1 2087 }
24 2046 170 2093 tertium
201 2041 364 2092 quinque
398 2039 514 2074 ferme
551 2048 731 2073 annorum
755 2046 843 2070 nere
868 2031 1046 2068 laudavit.
1093 2030 1149 2064 Ex
1169 2039 1243 2074 quo
1265 2029 1398 2071 sponte
1417 2024 1470 2058 in-

0 2104 2 2131 1
24 2091 184 2134 spatium
207 2090 440 2139 interiectum
463 2084 580 2119 fuisse
607 2083 731 2117 videa—
757 2079 940 2125 telligitur
969 2076 1051 2112 fieri
1083 2085 1173 2110 sane
1197 2078 1276 2108 tum
1299 2070 1471 2118 potuisse

0 2134 2 2172 Ι
25 2137 94 2177 tur,
114 2143 194 2183 *quo
208 2131 300 2184 mhil
312 2130 419 2177 lyrici
433 2129 618 2165 cecinerit.
650 2128 731 2170 Quo
759 2124 1069 2166 commodissime,
1083 2125 1126 2155 ut
1138 2123 1254 2166 poeta
1269 2116 1472 2152 carminum

0 2177 3 2223 l
24 2189 171 2214 nomme
192 2177 430 2211 dlssentimus
451 2186 540 2210 sane
564 2174 734 2210 nonnihil
760 2182 909 2206 suorum
927 2169 1039 2204 modo
1059 2167 1098 2202 in
1116 2176 1231 2200 unum
1245 2174 1380 2209 corpus
1396 2161 1471 2196 col-

0 2230 3 2276 }
25 2235 109 2260 cum
121 2221 543 2275 Frankioptssentleio,
570 2220 634 2266 qui
646 2230 733 2265 poe·
759 2218 938 2252 lectorum
970 2214 1145 2249 volumen
1169 2211 1218 2245 ad
1244 2221 1327 2245 eum
1353 2213 1473 2243 trans-

0 2277 3 2308 f
23 2274 99 2304 tam
138 2280 179 2321 er
191 2269 340 2314 longius
353 2272 500 2313 tempus
512 2266 609 2301 inter
622 2265 733 2300 a.732.
758 2263 932 2298 mitteret.

0 2321 2 2350 ν
25 2317 63 2351 et
74 2315 106 2368 ’ζ’
121 2360 130 2368 ·
143 2341 151 2350 .
170 2315 402 2349 interiectum
419 2312 512 2347 nihil
531 2311 734 2358 quidquam
794 2309 869 2345 Sed
888 2307 1079 2342 veniamus
1101 2301 1304 2349 aliquando
1325 2299 1374 2334 ad
1387 2297 1474 2343 Epi-

0 2361 131 2445 [ΕΞ
169 2359 422 2405 composuisse
464 2358 732 2392 iudicaverunt.
761 2355 878 2390 stolas
904 2351 1072 2395 Horatii,
1112 2360 1204 2395 quas
1232 2347 1364 2383 eadem
1395 2344 1474 2379 fere

0 2429 1 2434 =
27 2428 44 2441 ι.
64 2449 75 2460 .
123 2417 204 2440 rum
230 2408 438 2458 statuerunt
461 2404 516 2438 illi
540 2403 733 2449 aliquanto
759 2405 882 2436 aetate
910 2399 957 2434 ab
985 2408 1028 2433 eo
1055 2395 1168 2431 scribi
1200 2396 1354 2438 coeptas
1380 2400 1475 2434 esse,

0 2468 1 2499 j
147 2451 194 2503 de
205 2454 306 2503 tertu
318 2450 403 2485 hbri
415 2449 616 2492 natalibus,
626 2459 735 2494 quem
760 2458 835 2492 qua
856 2457 894 2480 se
915 2445 964 2479 ad
987 2442 1140 2478 melicae
1161 2439 1288 2485 poesis
1315 2435 1478 2472 studium

55 2515 57 2518 -
85 2512 89 2526 ι
110 2513 116 2527 ι
136 2513 139 2527 ;
166 2508 211 2531 us
222 2507 405 2548 iam-anno
415 2495 492 2530 731.
505 2494 646 2530 vel732.
660 2505 736 2528 una
761 2493 1017 2534 converterat,
1050 2484 1360 2534 quemadmodum
1392 2491 1478 2515 mox

0 2560 1 2563 ¹
40 2558 101 2598 Ἢ·
123 2542 271 2577 duobus
285 2541 388 2576 hbr1s
398 2541 585 2587 prioribus
594 2539 736 2586 publici
761 2537 982 2579 videbimus,
1007 2533 1109 2569 haud
1130 2542 1219 2567 sane
1241 2529 1393 2564 dubium
1414 2529 1479 2562 aut

128 2587 269 2639 fectum
283 2598 365 2622 esse
379 2585 735 2631 censuit,Bentleius
762 2587 1043 2619 controversum
1081 2582 1148 2614 est.
1206 2576 1284 2610 Eae
1321 2584 1408 2608 vero
1447 2571 1479 2606 si

53 2650 58 2681 3
74 2649 143 2688 3³³·
162 2637 262 2686 intra
274 2644 307 2667 a.
321 2632 397 2667 731.
412 2637 450 2668 et
462 2632 538 2667 732.
559 2632 736 2676 scriptum
762 2628 954 2676 quaeritur
972 2637 1017 2661 ex
1037 2625 1259 2671 quibusnam
1279 2618 1386 2666 quasi
1404 2617 1478 2664 pri-

79 2682 268 2736 ,Γῇανιῃι
306 2689 419 2724 quum
449 2689 518 2713 nos
542 2677 646 2712 illum
671 2676 735 2711 ali·
761 2674 913 2710 mordiis
949 2666 1328 2718 progerminaverint,
1377 2663 1480 2698 haud

143 2740 162 2753 ἰ
203 2727 293 2771 post
327 2734 360 2759 a.
391 2723 468 2759 731.
498 2723 559 2759 vel
589 2722 666 2758 732.
696 2722 735 2757 in
759 2721 1012 2765 ‘sim—gissa
1025 2731 1085 2756 518.
1105 2723 1480 2756 conf.Sueton.Aug.c.2s.
