1592 2808
183 193 336 225 XXXVI
681 199 734 226 ΒΕ
757 200 846 226 VITA
868 201 917 227 m·
940 200 1098 228 SCRIP'I'IS

181 269 236 305 47.
250 281 294 305 ac
305 281 391 306 rura
403 274 514 307 suaat
540 271 688 307 uevecti
717 272 877 318 aliapar—
900 274 1066 310 nonnihil
1085 273 1246 318 scrupuli
1263 274 1309 309 de
1332 276 1404 311 hac
1428 275 1550 322 opinio

181 327 228 349 va
240 319 360 360 vocat,
386 314 504 350 Carm.
516 282 571 350 (ll.
590 317 644 361 16,
663 317 684 350 3
709 343 718 351 .
735 317 803 352 III.
822 318 875 362 16,
902 330 967 354 sua
978 320 1150 354 iniectum
1158 324 1287 356 essem
1319 321 1368 356 Et
1380 321 1424 356 de
1436 324 1558 372 tempo

181 360 236 394 39.
260 371 298 395 se
316 360 326 394 i
357 371 435 394 sum
453 364 574 396 autem
587 372 772 417 pauperem
789 362 879 396 dicit
926 363 1058 409 uidem,
1074 375 1144 410 quo
1158 368 1270 409 poeta
1286 365 1412 400 villam
1426 363 1562 400 Sabma
1576 402 1578 404 ,

182 403 298 439 Carm.
342 405 371 439 1.
389 405 449 449 18,
468 406 521 439 10.
540 405 587 440 al.
634 406 877 441 Nihilominus
902 375 999 442 dono
1013 409 1338 453 acceperit,iamin
1350 409 1554 455 superiorib

180 452 300 484 autem
325 459 405 484 sese
430 450 630 484 identidem
653 450 790 485 fatetur
814 450 877 485 Sa-
902 452 1126 504 disputatum
1151 457 1218 498 est,
1244 465 1316 500 quo
1341 454 1424 489 loco
1443 453 1554 488 vidim

182 493 267 528 bino
282 504 347 527 suo
366 493 473 528 unice
493 498 702 528 contentum
722 505 802 530 esse
815 507 876 530 ne·
901 497 1145 532 verisimiliter
1161 498 1199 532 id
1216 498 1314 533 intra
1336 509 1369 534 a.
1383 498 1459 532 721.
1473 502 1510 533 et
1522 495 1592 549 ’1Ξῆ

179 548 250 582 que
268 538 375 582 plura
394 538 465 572 sibi
483 542 665 583 expetere.
701 539 876 574 Nimirum
900 540 1038 575 factum
1059 553 1151 576 esse.
1189 542 1261 577 Hic
1280 553 1366 578 vero
1386 541 1592 588 diligentius

177 582 346 617 videntur
360 593 447 618 sane
459 583 600 627 praedii
612 583 752 618 reditus
772 583 877 619 suffe—
902 586 1592 632 adhucquaerendumvidetur,quand&

179 626 272 661 cisse
286 627 334 661 ad
343 627 453 662 vitam
461 628 625 662 modeste
634 638 677 662 ac
685 628 877 672 frugaliter
900 641 922 663 a
934 630 1045 664 Vario
1060 634 1097 665 et
1108 630 1263 676 Virgilio
1276 631 1483 666 Maecenati
1503 627 1592 666 comi*

178 671 395 716 degendam,
406 672 789 717 qualemvitampoeta
801 684 876 707 non
899 675 1090 709 mendatus
1110 679 1147 709 et
1171 686 1242 721 quo
1260 679 1424 721 tempore
1442 676 1490 710 ad
1507 675 1592 719 inte}

175 726 249 750 uno
263 717 346 750 loco
360 720 545 761 tamquam
555 716 727 761 optimam
734 728 778 751 ac
791 717 875 752 bea·
899 718 1028 753 riorem
1043 720 1119 754 eius
1133 719 1414 755 familiaritatem
1427 723 1465 755 et
1477 718 1592 765 amic'n'

174 760 351 794 tissimam
391 761 566 795 raedicat.
581 773 612 795 v.
628 760 744 795 Carm.
758 762 805 795 II.
820 762 874 806 18,
898 762 984 797 tiam
998 764 1176 798 admissus
1191 764 1247 799 sit.
1281 764 1340 799 De
1359 775 1432 810 qua
1475 764 1592 809 uideni,

175 804 218 838 12
232 816 311 850 sqq.
325 805 361 838 II
385 831 392 838 .
407 805 460 848 16,
475 805 518 839 29
532 817 611 851 sqq.
629 805 658 839 I.
673 805 727 850 25,
740 805 794 839 34.
807 806 874 841 III.
898 817 936 841 re
950 818 996 842 ne
1009 809 1118 852 plane
1137 808 1268 843 incerti
1288 809 1411 854 simus,
1430 808 1458 842 il
1474 820 1496 843 a
1507 808 1592 844 facii

175 850 206 893 1,
219 848 262 883 47
278 859 357 900 sqq.
371 849 417 883 al.
453 849 597 884 Etenim
611 854 689 883 toto
705 861 800 884 anno
815 861 874 884 oc-
899 856 975 896 unt,
991 863 1084 896 quae
1103 853 1182 897 ipse
1194 853 1370 888 Horatius
1382 856 1508 888 narrat
1520 852 1592 894 Safi

175 894 361 938 cupati1bi
376 898 481 928 erant
500 899 583 928 octo
605 894 711 939 servi,
730 899 772 929 ut
791 905 874 929 con·
898 896 945 930 II.
971 896 1008 939 6,
1033 897 1170 943 40sqq.
1205 897 1270 932 ubi
1305 897 1398 932 haec
1433 897 1592 943 scripsit!

174 942 248 972 stat
271 949 315 972 ex
334 937 409 973 Sat.
429 937 477 972 Π.
491 939 601 989 7,116
615 950 695 984 sqq.
713 939 873 985 itemque
897 942 1064 985 Septimus
1082 949 1199 975 octavo
1215 943 1359 987 propior
1381 943 1450 976 iam
1471 941 1592 995 sugeri!

172 982 328 1026 villicus,
347 982 542 1017 rusticanls
561 984 770 1027 praefectus
789 994 874 1028 ope·
898 996 1017 1028 απηιιε,
1031 998 1071 1020 ez
1085 998 1150 1031 quo
1162 986 1345 1021 Maecenas
1357 998 1408 1021 me
1420 993 1525 1032 coepti
1536 984 1592 1021 ha·

173 1028 233 1071 ris,
254 1027 302 1061 ad
322 1037 430 1072 quem
449 1027 585 1072 scripta
604 1031 661 1062 est
672 1028 828 1079 Epistol.
843 1028 872 1062 I.
898 1029 972 1063 bere
995 1042 1133 1064 suorum
1155 1031 1191 1064 in
1213 1043 1365 1065 numero.
1412 1032 1481 1065 Est
1499 1031 1592 1071 enim

172 1071 225 1105 14.
271 1071 402 1117 Itaque
437 1073 575 1106 rustica
604 1072 743 1107 famiha
775 1077 872 1107 certe
899 1073 1018 1109 Satira
1036 1074 1101 1109 illa
1125 1075 1201 1110 sine
1221 1075 1333 1110 dubio
1354 1075 1490 1120 scripta
1508 1087 1540 1110 a.
1557 1086 1592 1111 ua

172 1120 251 1150 erat
285 1116 491 1150 mediocris.
551 1116 747 1151 Praeterea
786 1127 870 1151 vero
896 1118 971 1152 723.
990 1122 1158 1164 exeunte,
1181 1120 1289 1154 sicuti
1306 1119 1592 1158 luculentissime

171 1161 280 1195 etiam
310 1171 355 1195 ex
378 1160 494 1211 Epist.
519 1161 548 1195 I.
574 1161 626 1195 14.
651 1161 699 1195 in.
725 1165 872 1196 constat
896 1166 1050 1207 apparet
1084 1174 1127 1198 ex
1162 1175 1275 1199 verss.
1305 1164 1359 1199 39.
1388 1163 1442 1198 53.
1473 1168 1510 1199 et
1537 1163 1592 1200 55.

170 1204 361 1249 praedium
381 1205 467 1239 olim
485 1205 689 1239 habitatum
709 1206 870 1251 quinque
894 1209 1061 1252 Septimus
1083 1211 1206 1243 autem
1233 1220 1342 1242 annus
1365 1215 1483 1243 octavo
1509 1220 1592 1254 pro-

170 1250 282 1293 focis,
307 1249 520 1294 priusquam
545 1250 692 1295 agraria
715 1251 870 1294 proscri-
890 1253 971 1295 pior
994 1263 1105 1297 quum
1135 1252 1228 1287 alius
1253 1264 1334 1288 esse
1364 1264 1439 1288 non
1461 1253 1563 1298 possi

169 1293 295 1338 ptione
314 1294 361 1327 ad
375 1294 630 1328 Maecenatem
651 1295 869 1339 perveniret,
895 1307 1004 1341 quam
1023 1297 1087 1342 qui
1104 1297 1176 1332 iam
1189 1297 1310 1349 vergit
1325 1298 1372 1332 ad
1387 1297 1532 1341 exitum,
1551 1309 1576 1332 u

169 1338 350 1372 fructibus
365 1338 440 1372 suis
454 1339 607 1373 totidem
620 1339 755 1373 aluisse
768 1339 870 1374 fami·
895 1341 942 1374 sit
952 1341 1137 1386 proximus
1152 1345 1272 1376 octav1
1290 1342 1395 1377 initio
1407 1362 1453 1368 —-
1463 1352 1592 1387 perpe·

170 1383 248 1417 lias.
288 1382 343 1416 Ex
367 1382 424 1416 his
443 1383 611 1417 omnibus
634 1383 747 1428 igitur
767 1384 868 1418 nullo
893 1396 970 1419 ram
983 1385 1078 1420 enim
1091 1386 1153 1420 alii
1165 1386 1591 1431 interpretanturannum

169 1427 318 1472 negotio
341 1426 568 1472 intelligitur,
593 1427 745 1462 fundum
770 1432 868 1463 certe
894 1433 1063 1464 octavum
1090 1442 1205 1476 prope
1231 1431 1396 1476 elapsum
1412 1442 1475 1475 -ς
1505 1442 1592 1466 con-

168 1477 310 1506 tantum
327 1471 454 1515 fuisse,
474 1476 515 1505 ut
526 1476 638 1516 poeta
657 1472 733 1506 eius
746 1473 867 1507 rediti-
894 1485 1052 1519 sequens
1076 1479 1149 1519 est,
1175 1480 1215 1509 ut
1236 1474 1412 1510 Horatius
1436 1475 1590 1520 primum

168 1517 236 1550 bus
250 1516 360 1550 vitam
369 1516 458 1550 satis
467 1517 652 1551 commode
663 1521 867 1552 sustentare
893 1518 1098 1553 Maecenati
1123 1520 1168 1554 de
1186 1519 1336 1555 meliore
1361 1520 1589 1555 commenda-

167 1563 327 1605 posset.1
373 1559 496 1611 Atque
522 1560 607 1595 hinc
635 1561 761 1606 utique
786 1573 866 1606 per—
893 1567 950 1596 tus
971 1563 1018 1596 sit
1035 1574 1067 1597 a.
1080 1575 1115 1597 u.
1130 1564 1204 1597 716.
1241 1565 1318 1599 Nec
1341 1568 1465 1599 tamen
1489 1564 1589 1599 Mae-

168 1617 277 1650 quam
290 1605 482 1649 probabile
496 1604 549 1646 fit,
564 1606 663 1650 quod
678 1617 789 1650 supra
801 1617 866 1650 po·
892 1618 1001 1641 cenas
1014 1607 1132 1652 ipsum
1146 1608 1267 1642 statim
1280 1608 1428 1643 admisit
1439 1609 1487 1643 ad
1498 1608 1588 1644 inte·

168 1649 314 1693 suimus,
335 1649 529 1683 Horatium
547 1660 590 1683 ex
609 1660 681 1694 quo
702 1654 866 1694 tempore
889 1652 1021 1686 riorem
1052 1652 1352 1697 familiaritatem,
1383 1652 1518 1698 quippe
1547 1653 1585 1688 in

164 1694 317 1738 praedio
360 1693 496 1728 Sabino
545 1694 701 1728 donatus
742 1695 864 1746 fuerit,
891 1696 1095 1742 deligendis
1119 1697 1244 1731 amicis
1268 1697 1414 1732 omnino
1446 1697 1587 1732 cautior

167 1738 340 1783 scriptum
383 1739 631 1783 quaestorium
673 1739 759 1773 olim
795 1739 865 1774 sib1
890 1739 980 1786 (Sat.
999 1741 1027 1775 Ι.
1041 1741 1073 1784 9,
1092 1741 1174 1787 44).
1223 1741 1332 1783 Quod
1354 1741 1490 1776 nemini
1514 1742 1586 1776 cui-

166 1786 412 1827 comparatum
431 1782 673 1817 abdicavisse.
709 1785 752 1817 Id
766 1785 865 1829 quod
889 1796 997 1830 quam
1010 1785 1136 1819 mirum
1145 1786 1297 1820 accidet.
1322 1786 1587 1822 Noveratenim

166 1839 208 1861 eo
224 1827 435 1861 credibilius
450 1831 515 1870 est,
531 1828 629 1872 quod
647 1827 765 1872 ipsum
780 1839 862 1862 con—
889 1829 949 1863 ille
970 1829 1164 1864 Horatium
1175 1830 1290 1865 Bruto
1305 1831 1397 1866 duce
1410 1831 1586 1866 adversus

165 1875 237 1906 stat
250 1872 296 1906 ab
311 1882 354 1905 eo
368 1871 454 1905 inde
467 1875 631 1916 tempore
647 1873 863 1907 creberrime
889 1873 1128 1909 Octavianum
1152 1875 1393 1926 pugnavisse,
1417 1876 1586 1910 memine-

163 1916 238 1950 ruri
257 1927 337 1950 esse
359 1921 630 1960 commoratum,
651 1918 750 1962 quod
764 1921 862 1952 certe
887 1921 943 1952 rat
954 1918 1042 1952 item
1049 1930 1130 1954 eum
1143 1919 1213 1954 sib1
1226 1919 1388 1955 extitisse
1400 1919 1584 1965 infestum,

163 1961 287 1995 facere
306 1971 381 1995 non
400 1961 593 2012 potuisset,
616 1961 646 1995 si
665 1961 774 1996 etiam
787 1968 862 1995 tum
887 1962 1067 2008 siquidem
1078 1963 1198 2008 ipsum
1211 1963 1362 2008 Sat.1.2,
1370 1963 1414 1998 25
1422 1975 1501 2016 sqq.
1515 1964 1584 1999 sub

162 2005 313 2050 publico
349 2005 492 2039 scribae
526 2016 673 2040 munere
714 2006 861 2040 functus
886 2007 1031 2042 nornine
1084 2008 1255 2042 Malthini
1305 2009 1583 2054 designawsset.

164 2053 271 2084 esset.
324 2049 419 2085 Nam
447 2050 637 2094 publicum
666 2050 779 2085 fuisse
809 2055 861 2084 ta·
888 2052 1068 2092 Quocirca
1100 2053 1305 2098 paullisper
1339 2053 1584 2088 cunctandum

163 2095 249 2128 lium
265 2094 463 2128 scribarum
481 2105 622 2138 munus,
636 2095 761 2139 paullo
777 2099 860 2130 ante
887 2096 1024 2140 statuit,
1037 2107 1082 2130 ac
1094 2107 1192 2131 nono
1207 2097 1351 2131 demum
1362 2107 1487 2132 mense
1498 2101 1584 2141 post

164 2138 402 2172 ostendimus.
463 2138 569 2179 Quod
605 2139 635 2172 si
666 2139 862 2184 diligenter
885 2141 1015 2174 iterum
1027 2141 1242 2175 arcessitum
1254 2142 1291 2175 in
1310 2141 1507 2176 amicorum
1518 2153 1583 2175 nu·

160 2183 461 2227 perpendissent,
510 2182 571 2227 qui
617 2194 734 2227 nuper
777 2195 859 2218 con-
884 2195 983 2219 mero
998 2195 1078 2219 esse
1097 2185 1213 2219 iussit.
1247 2185 1306 2220 De
1321 2185 1454 2231 quibus
1471 2185 1582 2220 rebus

162 2228 356 2262 tenderunt
390 2231 548 2271 poetam,
590 2228 772 2262 nescimus
814 2229 861 2262 ad
911 2233 995 2263 oeta
1007 2229 1086 2273 ipse
1101 2229 1312 2264 suavissime
1327 2229 1494 2282 exposuit
1507 2229 1581 2264 Sat.

162 2283 270 2316 quam
289 2282 406 2316 usque
425 2276 593 2315 aetatem,
620 2273 761 2306 scribae
786 2284 859 2306 mu·
905 2300 912 2307 .
926 2274 958 2317 6,
971 2274 1015 2306 56
1028 2285 1071 2318 sq
1099 2300 1106 2307 .
1147 2273 1278 2319 Itaque
1298 2278 1433 2308 arctior
1448 2278 1581 2319 poetae

160 2327 229 2349 nus
252 2320 433 2360 perpetuo
460 2316 614 2360 obiisse,
648 2320 745 2351 ccrte
770 2317 859 2361 ipsis
883 2317 1067 2352 necessitu
1096 2329 1116 2352 ο
1135 2329 1232 2353 anno
1252 2319 1393 2353 demum
1411 2329 1445 2352 u.
1461 2319 1580 2353 e.717.

193 2387 206 2410 1
226 2386 270 2410 Dc
282 2385 348 2409 vnla
360 2384 478 2414 Horatii.
498 2385 576 2410 cuius
594 2385 676 2410 situm
691 2386 795 2416 primus
808 2386 860 2410 ite·
916 2387 931 2412 l
954 2386 1095 2412 Historiae
1118 2387 1287 2412 testimoniis
1303 2387 1481 2418 adversatur,
1507 2387 1579 2418 quod

159 2425 219 2443 rum
233 2418 339 2442 detexit
353 2416 498 2447 neerkens,
512 2419 643 2449 Batavus,
652 2420 697 2450 qui
711 2420 798 2451 ipsam
811 2420 859 2444 dc-
882 2420 993 2445 suerunt
1012 2421 1058 2451 qui
1082 2426 1143 2445 eum
1161 2420 1331 2446 Maecenatis
1353 2420 1470 2446 scribam
1494 2421 1580 2445 fuisso

159 2453 271 2483 scripsit
283 2451 311 2476 ln
325 2449 450 2477 Notabil.
464 2451 486 2475 l.
501 2459 527 2482 p.
542 2453 583 2476 29.
598 2459 626 2477 v.
649 2452 812 2484 Capmartin
826 2453 860 2478 dc
883 2456 1038 2482 censerent,
1052 2455 1083 2478 nt
1094 2460 1182 2485 nuper
1200 2453 1232 2479 C.
1250 2453 1282 2478 G.
1295 2454 1397 2485 Zumpt
1409 2454 1437 2479 in
1449 2454 1578 2479 Wueste·

161 2485 273 2516 t'haupy
291 2486 319 2510 in
339 2485 423 2510 libro:
448 2485 626 2510 Decouverte
649 2486 683 2511 de
702 2486 728 2510 ln
751 2487 858 2511 maison
882 2488 976 2511 manni
990 2487 1056 2511 edit.
1070 2487 1151 2512 Satir.
1165 2487 1232 2512 Hor.
1246 2487 1533 2512 Heindorflan.P1-acf.
1549 2494 1576 2518 p.

159 2519 193 2543 de
217 2525 368 2549 campagus
392 2518 536 2543 d'ssomce.
566 2519 645 2544 Rom.
669 2520 744 2544 1768.
764 2521 788 2544 8.
807 2519 857 2544 111.
882 2521 914 2544 14
926 2527 986 2551 sqq.
1022 2520 1079 2544 Nec
1097 2527 1163 2545 vero
1177 2522 1344 2546 assentimur
1357 2520 1460 2546 Orelllo
1474 2520 1507 2545 ad
1521 2520 1578 2546 Sat.

158 2554 257 2576 tumes.
283 2555 310 2576 et
329 2550 468 2577 Dominici
488 2551 522 2576 de
540 2550 650 2578 Sanctis
673 2553 702 2578 ln
720 2553 858 2578 Disserta-
881 2553 916 2578 Π.
931 2554 954 2583 6,
969 2554 1010 2578 86.
1025 2560 1087 2578 cum
1099 2554 1196 2578 Iahnlo
1209 2554 1243 2578 ad
1256 2554 1301 2579 ὶ.1.
1315 2555 1342 2578 et
1355 2553 1490 2579 Obbario:
1504 2554 1579 2578 Zeit-

159 2588 240 2610 zlone
253 2592 334 2616 sopra
346 2585 372 2610 la
384 2585 452 2609 villa
465 2585 491 2609 dl
506 2585 606 2611 Orazio
619 2586 728 2611 Flacco.
738 2587 766 2611 in
778 2587 856 2611 Rom.
881 2587 979 2612 schrift
992 2587 1011 2612 r.
1024 2587 1234 2612 Alterthumsw.
1248 2594 1273 2612 a.
1287 2588 1363 2613 1884.
1374 2587 1408 2611 N.
1417 2587 1475 2611 114.
1483 2594 1510 2618 p.
1518 2587 1576 2612 915.

159 2619 233 2644 1761.
247 2620 272 2643 4.
297 2618 474 2644 Watckvnaer
486 2619 607 2643 Histoire
623 2620 767 2650 d’Horace,
781 2621 856 2645 1840.
881 2620 1054 2645 sxlstimunti
1062 2622 1171 2651 poetam
1186 2621 1240 2646 lam
1253 2627 1278 2646 a.
1292 2621 1350 2646 717.
1358 2619 1464 2644 scribae
1477 2627 1578 2645 munus

158 2659 184 2683 p.
199 2652 248 2677 270
260 2658 319 2682 sqq.
357 2650 421 2677 Cam
423 2658 512 2684 pennu
526 2653 583 2677 Dus
595 2653 746 2679 Landhaus
759 2653 785 2678 d.
798 2653 857 2679 Ho—
881 2653 1063 2678 abdicavisse.
1098 2653 1248 2679 Nobiscum
1267 2654 1373 2679 faciunt
1383 2653 1504 2678 Mnsson.
1517 2653 1574 2679 vit.

158 2691 213 2710 ruz.
227 2685 317 2710 {ibex-s.
332 2685 428 2718 Leipz.
444 2687 518 2710 1826.
866 2682 947 2719 lHor.
962 2694 988 2719 p.
1002 2688 1034 2712 76
1058 2688 1085 2712 et
1100 2686 1248 2713 Groterend
1263 2687 1281 2713 1.
1295 2694 1320 2712 c.
1333 2694 1360 2719 p.
1374 2687 1432 2712 462.
