1500 2820
142 593 182 624 70

144 897 184 927 75

143 1203 186 1234 80

146 1511 188 1543 85

155 2378 194 2408 10

209 214 289 263 1'52
635 226 677 269 Q.
696 225 910 263 HORATH
927 225 1109 262 FLACGI

206 333 322 374 duxit
344 331 395 373 ab
419 344 615 386 oppressa
636 330 824 372 meritum
849 328 1098 385 Carthagine
1120 343 1280 380 nomen,

204 393 369 449 ingenio
393 392 564 434 offensi?
587 398 657 433 aut
678 391 790 433 laeso
813 391 977 433 doluere
1000 390 1182 441 Metello,

205 454 456 508 famosisque
479 455 603 509 Lupo
627 459 816 508 cooperto
839 452 1051 494 versibus?
1073 453 1184 506 atqui

205 517 402 572 primores
426 515 567 571 populi
590 515 756 570 arripuit
779 515 1055 570 populumque
1079 514 1273 565 tributim,

208 578 361 620 scilicet
383 578 454 618 uni
477 591 631 631 aequus
655 577 794 617 virtuti
817 582 937 630 atque
962 576 1048 618 eius
1073 575 1227 618 amicis.

207 635 306 688 quin
330 633 399 675 ubi
425 648 468 675 se
491 649 516 674 a
538 632 663 688 vulgo
687 639 727 673 et
752 646 874 673 scena
895 632 939 672 in
963 637 1118 673 secreta
1138 637 1342 673 remorant

206 697 335 738 virtus
362 694 579 751 Scipiadae
603 702 643 736 et
667 694 775 735 mitis
801 693 999 749 sapientia
1020 693 1153 743 Laeli,

207 757 352 813 nugari
377 771 470 798 cum
493 756 563 798 illo
588 763 627 797 et
652 756 838 797 discincti
860 756 1018 805 ludere,
1043 755 1171 796 donec

211 821 502 873 decoqueretur
524 818 632 868 olus,
660 818 778 859 soliti.
804 817 1001 871 quidquid
1026 832 1117 858 sum
1141 831 1237 872 ego,
1262 816 1447 871 quamvis

208 881 315 923 infra
338 881 476 922 Lucili
500 895 668 922 censum
691 879 1000 935 ingeniumque,
1026 885 1162 919 tamen
1185 893 1250 920 me

209 958 302 985 cum
329 943 488 998 magnis
513 942 666 984 vixisse
689 941 816 982 invita
838 940 1031 982 fatebitur
1053 954 1184 994 usque

207 1005 378 1054 invidia,
405 1011 444 1045 et
469 1004 603 1060 fragili
627 1017 825 1057 quaerens
849 1002 1003 1043 illidere
1028 1002 1190 1043 dentem

210 1067 388 1108 offendet
413 1066 560 1108 solido:
590 1066 669 1107 nisi
693 1065 792 1119 quid
815 1071 876 1114 tu,
903 1064 1020 1105 docte
1044 1063 1223 1114 Trebati,

209 1128 415 1169 dissentis.
442 1153 495 1158 —
521 1127 709 1182 equidem
733 1126 835 1167 nihil
857 1126 952 1167 hinc
975 1125 1188 1166 diffindere
1211 1139 1400 1180 possum;

211 1190 283 1232 sed
307 1196 443 1230 tamen
465 1195 511 1230 ut
534 1189 710 1230 monitus
734 1202 899 1238 caveas,
923 1201 975 1228 ne
997 1187 1102 1229 forte
1126 1186 1264 1242 negoti

209 1252 378 1293 incutiat
402 1251 475 1292 tibi
499 1251 596 1305 quid
621 1257 852 1292 sanctarum
875 1249 1035 1291 inscitia
1056 1248 1213 1304 legum:

211 1313 246 1355 si
269 1313 377 1354 mala
401 1312 626 1354 condiderit
648 1313 691 1353 in
714 1326 836 1366 quem
859 1311 950 1365 quis
976 1310 1172 1359 carmina,
1196 1309 1260 1350 ius
1285 1314 1347 1350 est

210 1375 497 1429 iudiciumque.
523 1399 578 1405 —-
602 1381 708 1424 esto,
734 1374 770 1416 si
793 1373 883 1428 quis
907 1373 1032 1422 mala;
1059 1372 1131 1414 sed
1154 1371 1261 1413 bona
1285 1371 1320 1412 si
1343 1370 1434 1424 quis

210 1436 343 1478 iudice
367 1436 591 1478 condiderit
613 1436 801 1477 laudatus
828 1434 1030 1477 Caesare?
1054 1433 1090 1475 si
1111 1433 1203 1487 quis

212 1498 441 1554 opprobriis
466 1499 636 1554 dignum
658 1498 880 1547 latraverit,
905 1497 1063 1552 integer
1085 1495 1199 1550 ipse?
1217 1519 1271 1524 ——

214 1561 420 1603 solventur
442 1559 534 1602 risu
551 1559 713 1602 tabulae
719 1576 731 1610 ;
756 1566 800 1601 tu
823 1559 973 1600 missus
998 1556 1142 1599 abibis.

722 1718 959 1758 SATIRA
986 1717 1046 1756 Π.

216 1807 335 1861 Quae
359 1808 488 1849 virtus
513 1813 552 1848 et
575 1812 743 1862 quanta,
767 1805 881 1855 boni,
908 1805 960 1846 sit
982 1805 1119 1846 vivere
1141 1817 1280 1859 parvo,
1305 1827 1359 1833 ——-

214 1884 290 1911 nec
313 1884 428 1912 meus
452 1869 518 1910 hic
543 1883 675 1910 sermo
700 1874 778 1918 est,
805 1867 878 1909 sed
900 1881 1022 1921 quem
1044 1865 1250 1921 praecepit
1273 1863 1437 1907 Ofellus

214 1932 411 1982 rusticus,
437 1931 641 1973 abnormis
668 1931 829 1986 sapiens
854 1943 1071 1983 crassaque
1094 1927 1285 1969 Minerva
1306 1952 1361 1958 —-

216 1994 378 2045 discite,
403 2008 487 2035 non
508 1993 612 2034 inter
635 1993 771 2034 lances
795 2004 1039 2044 mensasque
1062 1990 1248 2039 nitentes,

216 2071 343 2111 quum
367 2062 502 2111 stupet
524 2054 677 2096 insanis
702 2054 809 2095 acies
832 2051 1060 2109 fulgoribus
1085 2058 1126 2093 et
1147 2066 1274 2106 quum

217 2118 381 2160 acclinis
405 2117 520 2159 falsis
546 2117 704 2158 animus
728 2115 895 2157 meliora
917 2119 1090 2164 recusat,

217 2194 359 2222 verum
382 2179 449 2221 hic
471 2179 667 2234 impransi
690 2192 851 2219 meeum
874 2176 1096 2230 disquirite.
1122 2189 1193 2217 our
1216 2174 1320 2217 hoc?

218 2242 367 2291 dicam,
394 2241 430 2283 si
451 2247 604 2296 potero.
630 2239 735 2281 male
758 2254 900 2280 verum
924 2238 1129 2279 examinat
1151 2237 1283 2280 omnis

218 2309 430 2359 corruptus
454 2303 589 2344 iudex.
614 2302 794 2357 leporem
819 2307 995 2342 sectatus
1020 2314 1175 2354 equove

218 2364 351 2407 lassus
376 2364 427 2407 ab
451 2363 646 2406 indomito
670 2363 735 2404 vel
759 2388 812 2393 ——-
837 2363 873 2404 si
894 2362 1081 2404 Romana
1103 2361 1248 2417 fatigat

218 2427 361 2468 militia
384 2426 598 2468 adsuetum
621 2425 819 2482 graecari,
845 2439 918 2466 seu
940 2423 1024 2479 pila
1045 2422 1179 2473 velox,

218 2489 394 2530 molliter
415 2495 623 2530 austerum
648 2487 780 2529 studio
804 2486 969 2527 fallente
991 2484 1184 2534 laborem,

220 2565 294 2592 seu
317 2558 356 2592 te
380 2550 517 2592 discus
541 2550 642 2606 agit3
667 2555 758 2604 pete
783 2548 992 2589 cedentem
1016 2561 1110 2588 aera
1132 2546 1245 2587 disco
1269 2569 1323 2575 -

219 2627 346 2667 quum
368 2612 483 2654 labor
506 2611 706 2654 extuderit
729 2610 910 2659 fastidia3
936 2609 1085 2658 siccus,
1110 2607 1240 2650 inanis

157 2685 197 2716 15
221 2688 366 2731 sperne
389 2673 525 2716 cibum
551 2674 671 2716 vilem
677 2690 689 2724 ;
714 2673 793 2714 nisi
815 2671 1029 2727 Hymettia
1050 2669 1172 2712 mella
1193 2667 1367 2711 Falerno
