1592 2808
500 143 537 175 ρ.
570 139 731 170 nonam
751 134 891 164 mccl
1353 118 1443 151 LIX

37 474 137 510 amp
159 466 235 499 non
271 455 320 491 ad
353 452 522 488 Asellam
556 455 708 482 missam
734 442 892 478 edocere
914 440 1071 473 conatus
1091 437 1162 478 est,
1188 435 1227 467 et
1237 434 1450 465 matunons

34 493 572 551 umflbitramunutAugusti
585 490 708 538 potius
735 485 941 532 sapientiae
960 483 1106 518 fructus
1131 479 1170 514 in
1188 478 1311 512 lucem
1330 474 1452 521 publi-

30 545 306 598 mnbellarii
326 543 448 592 gratia
467 540 607 586 scripta
626 547 709 572 cen-
736 544 818 569 cam
832 529 975 566 studuit
987 523 1306 577 educere‚quibus
1315 531 1455 567 aequa-

24 614 46 637 >³
128 596 230 635 beat.
277 591 420 628 Eodem
435 582 709 635 quodammodo
737 581 792 615 les
819 577 877 613 sui
907 576 955 612 ad
984 578 1128 610 rectum
1158 574 1256 605 v1tae
1288 567 1454 612 artisque

19 663 26 673 x
169 641 288 687 Epist.
302 638 331 673 Ι.
343 637 390 682 4.,
417 646 492 682 qua
505 629 636 680 quanti
649 627 711 663 Ti·
737 624 909 672 poeticae
940 619 1118 656 iudicium
1148 616 1445 662 perducerentur

85 687 87 690 ⁴
163 686 282 724 faciat
310 687 348 720 et
377 692 452 728 quo
477 688 603 715 amore
629 685 712 710 eum
739 673 782 707 ln
802 681 876 716 quo
899 670 1078 714 quantum
1098 666 1278 698 venustae
1305 660 1457 705 elegan-

124 738 258 777 statur,
283 730 337 765 ita
350 728 530 769 declarat,
555 721 714 758 utillum
739 717 814 753 tiae
830 718 1016 756 cernatur,
1037 711 1097 745 vix
1112 708 1248 744 attinet
1267 704 1457 751 copiosius

18 779 111 822 unul
133 780 182 816 ad
205 778 320 813 vitam
344 775 441 810 laete
471 769 714 815 hilariterque
742 764 1010 799 demonstrare.
1060 757 1156 792 Nam
1183 765 1295 800 quum
1321 751 1459 797 episto-

30 827 197 868 ·uendam
210 823 438 860 cohortetur.
484 816 610 861 Atque
629 811 717 847 huic
742 811 860 845 larum
887 807 1108 852 argumenta
1132 801 1205 835 ista
1229 799 1375 834 ratione
1395 797 1460 832 du-

10 872 213 912 simillimae
239 872 326 904 sunt
345 865 457 902 etiam
469 861 665 908 Epistolae
684 858 717 892 8.
742 855 891 901 pliciter
905 849 1112 897 spectanda
1127 847 1210 890 sint,
1227 844 1412 890 siquidem
1426 844 1463 877 et

11 919 85 956 ‘ta
98 916 184 954 libri
198 914 317 962 primi.
365 912 444 947 Iam
463 919 551 944 vero
572 907 668 941 haec
688 902 718 937 si
745 902 793 937 ad
818 900 932 934 vitam
956 895 1146 932 hominum
1172 896 1211 927 et
1235 892 1284 926 ad
1315 887 1463 924 virtutis

12 988 13 994 =
28 976 89 1002 ere
103 966 190 1000 sunt
201 959 471 1000 animadversa,
487 957 632 1000 sponte,
643 949 719 996 opi·
745 947 806 982 vel
820 945 910 981 artis
923 942 1106 978 rationem
1118 938 1346 980 referuntur,
1371 934 1464 969 mira

14 1020 86 1055 «or,
105 1008 346 1054 intelligetur,
369 1001 551 1048 epistolas
571 995 721 1033 Horatii
746 993 834 1028 inde
847 989 1020 1037 profecto
1037 987 1154 1023 oritur
1173 984 1354 1029 cuiusque
1374 991 1463 1026 poe-

17 1067 96 1095 tane
126 1055 174 1091 ab
205 1051 321 1099 ipsius
352 1048 474 1084 satiris
500 1047 720 1091 argumento
746 1038 856 1074 matis
876 1035 1009 1083 gratia,
1038 1044 1112 1081 qua
1131 1029 1335 1077 legentium
1355 1025 1466 1062 animi

8 1112 76 1141 ino
95 1101 327 1147 aliquantum
339 1093 499 1137 differre,
523 1095 564 1126 ut
583 1090 724 1125 frustra
748 1084 851 1121 vario
866 1095 911 1118 ac
929 1078 1128 1126 multiplici
1146 1077 1258 1111 modo
1275 1075 1466 1110 oblecten-

19 1148 158 1192 norint,
184 1146 247 1198 qui
271 1144 344 1178 hoc
369 1139 519 1176 nomine
543 1141 723 1171 utrarum·
748 1128 1468 1177 tur‚mulceanturacteneanturprorsus

6 1205 83 1242 ‚que
101 1193 302 1229 discrimen
326 1187 443 1222 ullum
467 1182 639 1219 obtinere
661 1190 724 1215 ne·
750 1178 984 1213 necesseest.
1001 1171 1075 1207 Sed
1085 1167 1467 1214 dehocquidempoe-

0 1241 178 1287 rgumenta
227 1234 325 1278 Quid
350 1231 451 1279 quod
471 1231 542 1265 hac
562 1228 599 1262 in
618 1230 726 1273 parte
751 1228 812 1258 tae
827 1219 986 1257 artificio
1000 1217 1132 1263 paucis
1152 1213 1343 1250 monuisse
1365 1209 1467 1246 suffi-

0 1304 2 1311 ν
16 1287 72 1323 -rel
80 1285 217 1320 satirae
224 1282 430 1325 illae‚quae
437 1273 727 1311 habentMaece-
754 1269 837 1304 ciet.
851 1261 1232 1308 Intelleximusigitur
1247 1259 1362 1303 exiis,
1373 1267 1470 1303 quae

0 1351 3 1366 i
23 1323 500 1375 iatisalloquutionemideo
531 1331 575 1355 ue
589 1319 727 1365 episto·
753 1316 939 1351 hactenus
954 1311 1146 1355 disputata
1167 1311 1264 1349 sunt,
1292 1302 1470 1350 epistola-

0 1378 61 1414 ·-1is
73 1377 247 1412 videntur
267 1369 487 1411 simillimae,
504 1333 581 1402 cSlat.
595 1366 625 1400 Ι.
645 1364 677 1398 1.
693 1367 731 1398 et
755 1373 835 1397 rum
849 1357 1140 1394 Horatianarum
1154 1351 1346 1399 proprium
1359 1353 1475 1394 atque

0 1422 182 1466 fiat-La,
196 1419 246 1455 ab
259 1419 391 1454 harum
403 1414 549 1449 ratione
559 1411 728 1457 aliquan·
755 1407 900 1454 privum
920 1414 1004 1439 esse
1024 1402 1108 1444 hoc,
1137 1398 1238 1446 quod
1258 1397 1296 1431 in
1314 1396 1359 1430 iis
1384 1405 1473 1440 poe—

0 1474 94 1507 ntum
111 1466 288 1504 recedere
309 1459 578 1498 existimandae
594 1459 690 1491 sunt.
756 1459 818 1488 tae
838 1450 977 1486 iudicia
998 1449 1044 1483 de
1069 1446 1182 1481 rebus
1202 1442 1408 1478 moralibus
1430 1451 1475 1475 ac

50 1515 131 1551 Iam
159 1522 248 1548 vero
279 1510 354 1544 hoc
385 1517 498 1553 quum
527 1508 663 1550 poetae
693 1502 732 1536 in
756 1496 966 1538 litterariis,
986 1494 1106 1540 iisque
1125 1490 1282 1526 maxime
1302 1485 1475 1534 poeticis,

20 1557 216 1599 exarandis
257 1555 316 1591 his
358 1551 585 1588 carminibus
620 1547 734 1583 fuerit
759 1542 953 1591 epistolari
978 1541 1098 1576 forma
1122 1542 1235 1583 atque
1263 1533 1388 1580 specie
1440 1543 1477 1566 a·

4 1604 264 1654 apropositum,
289 1603 333 1636 ut
351 1610 439 1634 suas
457 1596 577 1650 ipsius
598 1595 643 1630 de
657 1594 734 1628 vita
758 1593 834 1626 lam
870 1587 1115 1634 proferuntur
1146 1588 1184 1618 et
1214 1580 1363 1628 poetice
1393 1544 1476 1613 iiiu-

11 1656 135 1700 ·atque
153 1649 358 1685 litterarum
379 1643 510 1679 studiis
536 1640 734 1687 opiniones
761 1639 937 1672 strantur.

11 1709 71 1735 ac
90 1694 228 1733 iudicia
251 1693 487 1738 expromeret
510 1692 549 1723 et
568 1698 651 1722 cum
670 1697 735 1731 po·
796 1682 889 1717 Inde
904 1691 993 1715 vero
1008 1677 1120 1713 etiam
1135 1675 1231 1710 aliae
1251 1673 1401 1708 illarum
1415 1670 1479 1705 do-

25 1742 216 1792 pulnribus
229 1739 305 1775 suis
325 1734 634 1777 communicaret3
658 1737 736 1766 tum
761 1734 819 1764 tes
829 1715 1480 1766 acvirtutessacilinegotioiudicari

6 1785 311 1837 :prudentissime
353 1794 435 1818 eam
477 1779 621 1826 delegit
662 1777 738 1812 illis
764 1772 1030 1817 aestimarique
1045 1771 1232 1814 poterunt.
1247 1764 1396 1800 Etenim
1407 1773 1481 1797 om-

8 1834 190 1882 speciem
214 1835 326 1878 atque
351 1828 528 1871 formam,
554 1836 650 1871 quae
675 1822 739 1858 isti
763 1823 933 1856 nescerte
944 1809 1483 1853 consentiuntetiammaiorem

5 1904 9 1909 -
31 1878 185 1918 consilio
205 1887 316 1931 quam
333 1874 491 1911 maxime
511 1869 738 1908 conveniret.
766 1866 955 1914 quandam
968 1864 1005 1897 in
1019 1862 1094 1896 illis
1107 1858 1262 1905 reperiri
1278 1855 1482 1897 lenitatem,

7 1954 9 1957 -
31 1924 164 1972 Itaque
207 1933 337 1959 timum
362 1920 512 1967 quidem
537 1917 583 1952 iis
603 1916 740 1962 episto—
765 1904 1367 1951 mansuetudinem,urbanitatem
1383 1899 1485 1935 deni-

7 1982 9 1989 ’
34 1972 152 2008 larum
173 1935 328 2022 {innam
351 1965 494 2002 tribuit.
542 1961 743 2007 Inscripsit
794 1970 854 2003 ue,
881 1967 992 2002 quam
1016 1954 1054 1989 in
1081 1951 1206 1987 satiris
1232 1958 1410 1994 expressa
1429 1945 1487 1980 sit.

36 2024 135 2054 emm
162 2013 308 2060 singula
331 2011 489 2058 singulis
514 2009 741 2051 hominibus,
806 2014 913 2048 empe
927 2001 965 2036 in
983 2000 1041 2035 his
1061 1997 1226 2043 carpitur
1245 1995 1323 2029 fere
1344 2002 1486 2027 morum

37 2061 256 2109 quibuscum
268 2059 393 2105 aliqua
406 2056 629 2092 coniunctus
643 2057 745 2089 esset
771 2050 1051 2093 studiorumque
1076 2041 1323 2090 perversitas3
1347 2038 1489 2072 ridetur

36 2104 308 2145 necessitudine
335 2115 418 2140 cum
430 2103 551 2148 iisque
572 2100 744 2136 derebus
771 2095 901 2132 lubido
939 2097 979 2128 et
1014 2100 1215 2137 pravorum
1248 2084 1487 2121 consiliorum

37 2153 87 2191 ad
105 2131 387 2196 disceptantium
407 2147 563 2184 delectis
587 2147 641 2181 ita
659 2156 745 2180 con·
773 2140 951 2182 stultitiaz,
975 2135 1241 2184 perstringitur
1255 2130 1418 2176 denique
1432 2139 1487 2163 er-

37 2198 230 2236 fabulatus
249 2199 316 2240 est,
340 2199 382 2230 ut
401 2194 562 2240 speciem
575 2202 747 2227 verarum
772 2199 898 2224 rorum
912 2189 950 2220 et
962 2183 1137 2218 vitiorum
1152 2177 1358 2224 turpitudo.
1379 2174 1490 2217 Quod

39 2243 280 2292 epistolarum
329 2252 392 2276 rae
424 2251 463 2276 se
494 2238 646 2274 ferrent.
705 2236 749 2271 In
775 2242 1000 2281 quamquam
1037 2239 1113 2263 non
1149 2226 1193 2260 fit
1233 2222 1412 2259 iracunde
1455 2223 1492 2255 et

40 2300 116 2339 quo
151 2298 260 2324 nemo
316 2285 488 2330 abitabit,
513 2284 601 2331 quin
637 2282 750 2318 etiam
775 2279 930 2322 acerbe,
953 2275 1019 2311 sed
1043 2275 1171 2309 iocose
1197 2275 1311 2316 atque
1335 2267 1491 2307 urbane,

39 2335 260 2390 prudentem
269 2332 475 2368 cautionem
488 2333 526 2365 in
540 2327 751 2375 deligendis
775 2331 901 2361 tamen
916 2321 1040 2358 omnia
1048 2318 1210 2364 denique
1225 2317 1273 2352 ad
1283 2311 1492 2358 castigandi

40 2393 88 2419 us
100 2378 322 2422 adhibuerit,
335 2379 383 2413 ad
397 2387 492 2423 quos
505 2376 598 2411 istas
613 2374 750 2426 episto·
776 2369 999 2422 ridendique
1038 2364 1234 2401 consilium
1269 2360 1494 2396 referuntur.

30 2529 110 2572 *Qu-s
131 2516 226 2570 illud
256 2518 314 2550 est
331 2517 614 2567 consequutus,
654 2511 756 2558 quod
780 2507 907 2544 nevoli
920 2504 1031 2541 amici
1048 2506 1177 2549 partes
1197 2500 1289 2546 agit,
1309 2497 1369 2532 vel
1384 2494 1498 2530 etiam

39 2567 156 2602 etiam
179 2574 218 2597 m
237 2561 361 2595 multls
381 2559 462 2594 od1s
481 2558 530 2594 ab
551 2570 595 2594 eo
615 2557 756 2593 factum
780 2552 975 2590 familiaris
995 2548 1153 2585 alicuius
1172 2554 1372 2592 personam
1391 2539 1498 2576 susti-

52 2613 122 2655 ut,
140 2612 182 2644 ut
200 2607 338 2652 duplex
361 2604 439 2640 fere
462 2603 696 2650 propositum
718 2602 758 2637 in
781 2604 858 2644 net,
885 2598 947 2644 qui
970 2608 1052 2631 cum
1071 2594 1154 2629 aliis
1175 2593 1221 2626 de
1246 2589 1360 2625 variis
1384 2587 1499 2622 rebus

36 2657 243 2702 'ffb-'‘—
784 2644 947 2682 suaviter
988 2641 1232 2684 hilariterque
1281 2632 1500 2671 confabula-

40 2676 69 2713 ζ’ΪΪ
79 2677 107 2707 1·
161 2663 320 2705 weleffert:
339 2677 434 2702 Leett.
452 2676 574 2702 Venuss.
594 2682 622 2706 p.
642 2674 676 2698 64
695 2680 757 2705 sqq.
1134 2685 1140 2692 .

24 2713 102 2760 ἴῳ,
170 2720 202 2740 o:
214 2711 374 2744 nacnuage
388 2718 423 2736 zu
436 2710 533 2736 saner
545 2717 574 2743 p.
588 2710 650 2735 481,
782 2696 853 2727 tur.
897 2691 1030 2735 Itaque
1044 2684 1284 2722 manifestum
1296 2691 1379 2717 esse
1393 2681 1500 2726 puta.-
