<?xml version="1.0" encoding="UTF-8"?>
<!DOCTYPE html PUBLIC "-//W3C//DTD XHTML 1.0 Transitional//EN"
    "http://www.w3.org/TR/xhtml1/DTD/xhtml1-transitional.dtd">
<html xmlns="http://www.w3.org/1999/xhtml" xml:lang="en" lang="en">
 <head>
  <title>
</title>
<meta http-equiv="Content-Type" content="text/html;charset=utf-8" />
  <meta name='ocr-system' content='tesseract 3.04.00' />
  <meta name='ocr-capabilities' content='ocr_page ocr_carea ocr_par ocr_line ocrx_word'/>
</head>
<body>
  <div class='ocr_page' id='page_1' title='image "./operaomni00horauoft_0057.png"; bbox 0 0 1592 2808; ppageno 0'>
   <div class='ocr_carea' id='block_1_1' title="bbox 19 0 197 178">
    <p class='ocr_par' dir='ltr' id='par_1_1' title="bbox 19 0 197 178">
     <span class='ocr_line' id='line_1_1' title="bbox 19 0 197 178; baseline 0 2630"><span class='ocrx_word' id='word_1_1' title='bbox 19 0 197 178; x_wconf 95' lang='lat' dir='ltr'> </span> 
     </span>
    </p>
   </div>
   <div class='ocr_carea' id='block_1_2' title="bbox 540 184 927 227">
    <p class='ocr_par' dir='ltr' id='par_1_2' title="bbox 540 184 927 227">
     <span class='ocr_line' id='line_1_2' title="bbox 540 184 927 227; baseline -0.023 -7"><span class='ocrx_word' id='word_1_2' title='bbox 540 193 578 227; x_wconf 78' lang='lat' dir='ltr'>Q.</span> <span class='ocrx_word' id='word_1_3' title='bbox 602 188 764 218; x_wconf 71' lang='lat' dir='ltr'>110an</span> <span class='ocrx_word' id='word_1_4' title='bbox 786 184 927 214; x_wconf 72' lang='lat' dir='ltr'>mccx</span> 
     </span>
    </p>
   </div>
   <div class='ocr_carea' id='block_1_3' title="bbox 3 261 925 326">
    <p class='ocr_par' dir='ltr' id='par_1_3' title="bbox 3 261 925 326">
     <span class='ocr_line' id='line_1_3' title="bbox 3 261 925 326; baseline -0.021 -13"><span class='ocrx_word' id='word_1_5' title='bbox 3 278 200 321; x_wconf 21' lang='lat' dir='ltr'>emtionem,</span> <span class='ocrx_word' id='word_1_6' title='bbox 234 282 411 326; x_wconf 76' lang='lat' dir='ltr'>magnam</span> <span class='ocrx_word' id='word_1_7' title='bbox 435 266 715 309; x_wconf 75' lang='lat' dir='ltr'>obscuritatem,</span> <span class='ocrx_word' id='word_1_8' title='bbox 741 261 925 298; x_wconf 86' lang='lat' dir='ltr'>rationem</span> 
     </span>
    </p>
   </div>
   <div class='ocr_carea' id='block_1_4' title="bbox 0 312 737 1194">
    <p class='ocr_par' dir='ltr' id='par_1_4' title="bbox 0 312 737 1194">
     <span class='ocr_line' id='line_1_4' title="bbox 0 312 718 363; baseline -0.022 -3"><span class='ocrx_word' id='word_1_9' title='bbox 0 325 80 362; x_wconf 56' lang='lat' dir='ltr'>uilia</span> <span class='ocrx_word' id='word_1_10' title='bbox 102 322 192 358; x_wconf 80' lang='lat' dir='ltr'>vitia</span> <span class='ocrx_word' id='word_1_11' title='bbox 215 319 361 363; x_wconf 80' lang='lat' dir='ltr'>similia,</span> <span class='ocrx_word' id='word_1_12' title='bbox 387 314 518 357; x_wconf 78' lang='lat' dir='ltr'>inillis</span> <span class='ocrx_word' id='word_1_13' title='bbox 537 312 718 348; x_wconf 86' lang='lat' dir='ltr'>odoratus</span> 
     </span>
     <span class='ocr_line' id='line_1_5' title="bbox 14 358 720 415; baseline -0.024 -9"><span class='ocrx_word' id='word_1_14' title='bbox 14 371 143 415; x_wconf 43' lang='lat' dir='ltr'>{sacal</span> <span class='ocrx_word' id='word_1_15' title='bbox 162 365 340 403; x_wconf 81' lang='lat' dir='ltr'>continuo</span> <span class='ocrx_word' id='word_1_16' title='bbox 360 361 539 409; x_wconf 85' lang='lat' dir='ltr'>plurimos</span> <span class='ocrx_word' id='word_1_17' title='bbox 559 358 664 393; x_wconf 89' lang='lat' dir='ltr'>locos</span> <span class='ocrx_word' id='word_1_18' title='bbox 678 360 720 390; x_wconf 86' lang='lat' dir='ltr'>ut</span> 
     </span>
     <span class='ocr_line' id='line_1_6' title="bbox 0 404 720 464; baseline -0.019 -15"><span class='ocrx_word' id='word_1_19' title='bbox 0 415 153 464; x_wconf 34' lang='lat' dir='ltr'>spurios</span> <span class='ocrx_word' id='word_1_20' title='bbox 177 416 215 448; x_wconf 88' lang='lat' dir='ltr'>et</span> <span class='ocrx_word' id='word_1_21' title='bbox 237 411 388 456; x_wconf 89' lang='lat' dir='ltr'>ineptos</span> <span class='ocrx_word' id='word_1_22' title='bbox 418 404 621 443; x_wconf 89' lang='lat' dir='ltr'>eiiciendos</span> <span class='ocrx_word' id='word_1_23' title='bbox 648 406 720 436; x_wconf 85' lang='lat' dir='ltr'>sta-</span> 
     </span>
     <span class='ocr_line' id='line_1_7' title="bbox 0 448 734 503; baseline -0.026 -4"><span class='ocrx_word' id='word_1_24' title='bbox 0 461 96 503; x_wconf 55' lang='lat' dir='ltr'>nuit,</span> <span class='ocrx_word' id='word_1_25' title='bbox 118 459 172 495; x_wconf 83' lang='lat' dir='ltr'>ita</span> <span class='ocrx_word' id='word_1_26' title='bbox 182 461 224 492; x_wconf 88' lang='lat' dir='ltr'>ut</span> <span class='ocrx_word' id='word_1_27' title='bbox 236 455 436 492; x_wconf 83' lang='lat' dir='ltr'><strong>Horatium</strong></span> <span class='ocrx_word' id='word_1_28' title='bbox 454 461 570 498; x_wconf 86' lang='lat' dir='ltr'>prope</span> <span class='ocrx_word' id='word_1_29' title='bbox 585 461 629 485; x_wconf 85' lang='lat' dir='ltr'>ex</span> <span class='ocrx_word' id='word_1_30' title='bbox 643 448 734 482; x_wconf 83' lang='lat' dir='ltr'>Ho-¹</span> 
     </span>
     <span class='ocr_line' id='line_1_8' title="bbox 19 494 723 545; baseline -0.023 -3"><span class='ocrx_word' id='word_1_31' title='bbox 19 507 105 545; x_wconf 62' lang='lat' dir='ltr'>fatie</span> <span class='ocrx_word' id='word_1_32' title='bbox 135 503 330 542; x_wconf 77' lang='lat' dir='ltr'>sustulisse</span> <span class='ocrx_word' id='word_1_33' title='bbox 361 500 548 541; x_wconf 87' lang='lat' dir='ltr'>videatur,</span> <span class='ocrx_word' id='word_1_34' title='bbox 591 494 723 541; x_wconf 89' lang='lat' dir='ltr'>quinta</span> 
     </span>
     <span class='ocr_line' id='line_1_9' title="bbox 0 542 722 593; baseline -0.025 -3"><span class='ocrx_word' id='word_1_35' title='bbox 0 578 1 582; x_wconf 59' lang='lat'><em>=</em></span> <span class='ocrx_word' id='word_1_36' title='bbox 18 554 126 590; x_wconf 66' lang='grc' dir='ltr'>ἔοι-ωε</span> <span class='ocrx_word' id='word_1_37' title='bbox 139 549 293 587; x_wconf 82' lang='lat' dir='ltr'>odarum</span> <span class='ocrx_word' id='word_1_38' title='bbox 312 551 420 593; x_wconf 85' lang='lat' dir='ltr'>parte</span> <span class='ocrx_word' id='word_1_39' title='bbox 433 542 572 580; x_wconf 90' lang='lat' dir='ltr'>nomini</span> <span class='ocrx_word' id='word_1_40' title='bbox 586 544 722 587; x_wconf 86' lang='lat' dir='ltr'>poetae</span> 
     </span>
     <span class='ocr_line' id='line_1_10' title="bbox 0 584 723 640; baseline -0.026 -3"><span class='ocrx_word' id='word_1_41' title='bbox 0 599 168 636; x_wconf 61' lang='lat' dir='ltr'>memte.</span> <span class='ocrx_word' id='word_1_42' title='bbox 202 595 263 630; x_wconf 92' lang='lat' dir='ltr'>De</span> <span class='ocrx_word' id='word_1_43' title='bbox 289 593 425 640; x_wconf 88' lang='lat' dir='ltr'>quibus</span> <span class='ocrx_word' id='word_1_44' title='bbox 450 589 599 637; x_wconf 88' lang='lat' dir='ltr'>quidem</span> <span class='ocrx_word' id='word_1_45' title='bbox 625 584 723 620; x_wconf 86' lang='lat' dir='ltr'>criti-</span> 
     </span>
     <span class='ocr_line' id='line_1_11' title="bbox 0 634 724 683; baseline -0.023 -2"><span class='ocrx_word' id='word_1_46' title='bbox 0 648 139 683; x_wconf 62' lang='lat' dir='ltr'>:eor&#39;um</span> <span class='ocrx_word' id='word_1_47' title='bbox 170 638 466 676; x_wconf 81' lang='lat' dir='ltr'>dubitationibus</span> <span class='ocrx_word' id='word_1_48' title='bbox 497 634 528 669; x_wconf 87' lang='lat' dir='ltr'>si</span> <span class='ocrx_word' id='word_1_49' title='bbox 557 635 724 668; x_wconf 88' lang='lat' dir='ltr'>nostram</span> 
     </span>
     <span class='ocr_line' id='line_1_12' title="bbox 0 680 725 739; baseline -0.023 -12"><span class='ocrx_word' id='word_1_50' title='bbox 0 706 6 735; x_wconf 61' lang='lat' dir='ltr'>i</span> <span class='ocrx_word' id='word_1_51' title='bbox 23 689 170 739; x_wconf 66' lang='lat' dir='ltr'>:equiris</span> <span class='ocrx_word' id='word_1_52' title='bbox 185 680 556 728; x_wconf 85' lang='lat' dir='ltr'>sententiam‚paucis</span> <span class='ocrx_word' id='word_1_53' title='bbox 571 688 725 723; x_wconf 89' lang='lat' dir='ltr'>respon-</span> 
     </span>
     <span class='ocr_line' id='line_1_13' title="bbox 0 723 728 775; baseline -0.025 -1"><span class='ocrx_word' id='word_1_54' title='bbox 0 737 101 775; x_wconf 62' lang='lat' dir='ltr'>idue</span> <span class='ocrx_word' id='word_1_55' title='bbox 109 732 249 770; x_wconf 77' lang='lat' dir='ltr'>licebit.</span> <span class='ocrx_word' id='word_1_56' title='bbox 258 730 405 766; x_wconf 85' lang='lat' dir='ltr'>Etenim</span> <span class='ocrx_word' id='word_1_57' title='bbox 412 728 567 774; x_wconf 82' lang='lat' dir='ltr'>primum</span> <span class='ocrx_word' id='word_1_58' title='bbox 576 723 728 770; x_wconf 88' lang='lat' dir='ltr'>quidem</span> 
     </span>
     <span class='ocr_line' id='line_1_14' title="bbox 19 769 728 831; baseline -0.024 -12"><span class='ocrx_word' id='word_1_59' title='bbox 19 789 241 831; x_wconf 68' lang='lat' dir='ltr'>magnopere</span> <span class='ocrx_word' id='word_1_60' title='bbox 256 786 436 830; x_wconf 44' lang='lat' dir='ltr'>{rei-emur,</span> <span class='ocrx_word' id='word_1_61' title='bbox 455 773 493 826; x_wconf 71' lang='lat' dir='ltr'>id</span> <span class='ocrx_word' id='word_1_62' title='bbox 507 771 608 819; x_wconf 85' lang='lat' dir='ltr'>quod</span> <span class='ocrx_word' id='word_1_63' title='bbox 623 769 728 804; x_wconf 87' lang='lat' dir='ltr'>salva</span> 
     </span>
     <span class='ocr_line' id='line_1_15' title="bbox 25 825 728 873; baseline -0.021 -10"><span class='ocrx_word' id='word_1_64' title='bbox 25 831 418 873; x_wconf 56' lang='lat' dir='ltr'>praestantissimorum</span> <span class='ocrx_word' id='word_1_65' title='bbox 438 829 600 854; x_wconf 68' lang='lat' dir='ltr'>virorum</span> <span class='ocrx_word' id='word_1_66' title='bbox 619 825 728 850; x_wconf 89' lang='lat' dir='ltr'>vene-</span> 
     </span>
     <span class='ocr_line' id='line_1_16' title="bbox 26 862 729 911; baseline -0.023 -1"><span class='ocrx_word' id='word_1_67' title='bbox 26 873 163 910; x_wconf 68' lang='lat' dir='ltr'>ratione</span> <span class='ocrx_word' id='word_1_68' title='bbox 178 870 316 905; x_wconf 90' lang='lat' dir='ltr'>dictum</span> <span class='ocrx_word' id='word_1_69' title='bbox 336 867 393 911; x_wconf 89' lang='lat' dir='ltr'>sit,</span> <span class='ocrx_word' id='word_1_70' title='bbox 413 877 472 910; x_wconf 85' lang='lat' dir='ltr'>ne,</span> <span class='ocrx_word' id='word_1_71' title='bbox 493 864 555 910; x_wconf 91' lang='lat' dir='ltr'>qui</span> <span class='ocrx_word' id='word_1_72' title='bbox 573 862 627 897; x_wconf 88' lang='lat' dir='ltr'>ita</span> <span class='ocrx_word' id='word_1_73' title='bbox 646 871 729 896; x_wconf 90' lang='lat' dir='ltr'>cen-</span> 
     </span>
     <span class='ocr_line' id='line_1_17' title="bbox 26 908 731 962; baseline -0.02 -8"><span class='ocrx_word' id='word_1_74' title='bbox 26 923 184 962; x_wconf 70' lang='lat' dir='ltr'>suerunt,</span> <span class='ocrx_word' id='word_1_75' title='bbox 209 916 235 950; x_wconf 91' lang='lat' dir='ltr'>ii</span> <span class='ocrx_word' id='word_1_76' title='bbox 254 919 332 950; x_wconf 88' lang='lat' dir='ltr'>arte</span> <span class='ocrx_word' id='word_1_77' title='bbox 345 911 492 948; x_wconf 86' lang='lat' dir='ltr'>Horatii</span> <span class='ocrx_word' id='word_1_78' title='bbox 512 908 630 956; x_wconf 85' lang='lat' dir='ltr'>lyrica</span> <span class='ocrx_word' id='word_1_79' title='bbox 654 917 731 941; x_wconf 91' lang='lat' dir='ltr'>non</span> 
     </span>
     <span class='ocr_line' id='line_1_18' title="bbox 26 955 731 1008; baseline -0.02 -8"><span class='ocrx_word' id='word_1_80' title='bbox 26 964 111 1000; x_wconf 68' lang='lat' dir='ltr'>satis</span> <span class='ocrx_word' id='word_1_81' title='bbox 126 961 276 1008; x_wconf 86' lang='lat' dir='ltr'>cognita</span> <span class='ocrx_word' id='word_1_82' title='bbox 293 963 332 995; x_wconf 89' lang='lat' dir='ltr'>et</span> <span class='ocrx_word' id='word_1_83' title='bbox 344 957 578 993; x_wconf 84' lang='lat' dir='ltr'>considerata</span> <span class='ocrx_word' id='word_1_84' title='bbox 592 955 638 988; x_wconf 91' lang='lat' dir='ltr'>de</span> <span class='ocrx_word' id='word_1_85' title='bbox 654 963 731 987; x_wconf 90' lang='lat' dir='ltr'>car-</span> 
     </span>
     <span class='ocr_line' id='line_1_19' title="bbox 26 999 732 1050; baseline -0.02 -5"><span class='ocrx_word' id='word_1_86' title='bbox 26 1010 156 1045; x_wconf 82' lang='lat' dir='ltr'>minum</span> <span class='ocrx_word' id='word_1_87' title='bbox 175 1008 255 1043; x_wconf 85' lang='lat' dir='ltr'>eius</span> <span class='ocrx_word' id='word_1_88' title='bbox 280 1003 549 1050; x_wconf 77' lang='lat' dir='ltr'>compositione</span> <span class='ocrx_word' id='word_1_89' title='bbox 570 999 732 1045; x_wconf 87' lang='lat' dir='ltr'>iniquius</span> 
     </span>
     <span class='ocr_line' id='line_1_20' title="bbox 19 1045 734 1105; baseline -0.02 -14"><span class='ocrx_word' id='word_1_90' title='bbox 19 1053 229 1105; x_wconf 69' lang='lat' dir='ltr'>statuerint,</span> <span class='ocrx_word' id='word_1_91' title='bbox 241 1051 378 1098; x_wconf 86' lang='lat' dir='ltr'>quippe</span> <span class='ocrx_word' id='word_1_92' title='bbox 393 1049 456 1095; x_wconf 87' lang='lat' dir='ltr'>qui</span> <span class='ocrx_word' id='word_1_93' title='bbox 470 1046 593 1083; x_wconf 85' lang='lat' dir='ltr'>onmia</span> <span class='ocrx_word' id='word_1_94' title='bbox 606 1045 734 1090; x_wconf 90' lang='lat' dir='ltr'>potius</span> 
     </span>
     <span class='ocr_line' id='line_1_21' title="bbox 27 1091 736 1141; baseline -0.02 -4"><span class='ocrx_word' id='word_1_95' title='bbox 27 1101 69 1137; x_wconf 62' lang='lat' dir='ltr'>ad</span> <span class='ocrx_word' id='word_1_96' title='bbox 83 1099 359 1135; x_wconf 81' lang='lat' dir='ltr'>dialecticarum</span> <span class='ocrx_word' id='word_1_97' title='bbox 368 1097 491 1141; x_wconf 85' lang='lat' dir='ltr'>legum</span> <span class='ocrx_word' id='word_1_98' title='bbox 499 1091 736 1128; x_wconf 84' lang='lat' dir='ltr'>severitatem</span> 
     </span>
     <span class='ocr_line' id='line_1_22' title="bbox 28 1138 737 1194; baseline -0.018 -12"><span class='ocrx_word' id='word_1_99' title='bbox 28 1156 133 1194; x_wconf 64' lang='lat' dir='ltr'>quam</span> <span class='ocrx_word' id='word_1_100' title='bbox 151 1146 200 1180; x_wconf 87' lang='lat' dir='ltr'>ad</span> <span class='ocrx_word' id='word_1_101' title='bbox 218 1143 358 1190; x_wconf 77' lang='lat' dir='ltr'>lyricae</span> <span class='ocrx_word' id='word_1_102' title='bbox 377 1141 504 1187; x_wconf 89' lang='lat' dir='ltr'>poesis</span> <span class='ocrx_word' id='word_1_103' title='bbox 520 1138 685 1172; x_wconf 84' lang='lat' dir='ltr'>indolem</span> <span class='ocrx_word' id='word_1_104' title='bbox 700 1138 737 1170; x_wconf 90' lang='lat' dir='ltr'>et</span> 
     </span>
    </p>
   </div>
   <div class='ocr_carea' id='block_1_5' title="bbox 29 1182 735 1236">
    <p class='ocr_par' dir='ltr' id='par_1_5' title="bbox 29 1182 735 1236">
     <span class='ocr_line' id='line_1_23' title="bbox 29 1182 735 1236; baseline -0.02 -8"><span class='ocrx_word' id='word_1_105' title='bbox 29 1196 205 1234; x_wconf 81' lang='lat' dir='ltr'>naturam,</span> <span class='ocrx_word' id='word_1_106' title='bbox 227 1189 378 1236; x_wconf 90' lang='lat' dir='ltr'>qualem</span> <span class='ocrx_word' id='word_1_107' title='bbox 389 1190 503 1233; x_wconf 86' lang='lat' dir='ltr'>poeta</span> <span class='ocrx_word' id='word_1_108' title='bbox 516 1182 597 1228; x_wconf 89' lang='lat' dir='ltr'>ipse</span> <span class='ocrx_word' id='word_1_109' title='bbox 612 1182 735 1217; x_wconf 86' lang='lat' dir='ltr'>animo</span> 
     </span>
    </p>
   </div>
   <div class='ocr_carea' id='block_1_6' title="bbox 0 788 11 1250">
    <p class='ocr_par' dir='ltr' id='par_1_6' title="bbox 0 788 11 1250">
     <span class='ocr_line' id='line_1_24' title="bbox 0 788 10 883; baseline 0 0"><span class='ocrx_word' id='word_1_110' title='bbox 0 788 10 883; x_wconf 95' lang='lat' dir='ltr'>  </span> 
     </span>
     <span class='ocr_line' id='line_1_25' title="bbox 0 883 10 980; baseline 0 0"><span class='ocrx_word' id='word_1_111' title='bbox 0 883 10 980; x_wconf 95' lang='lat' dir='ltr'>  </span> 
     </span>
     <span class='ocr_line' id='line_1_26' title="bbox 0 980 10 1075; baseline 0 0"><span class='ocrx_word' id='word_1_112' title='bbox 0 980 10 1075; x_wconf 95' lang='lat' dir='ltr'>  </span> 
     </span>
     <span class='ocr_line' id='line_1_27' title="bbox 0 1075 10 1166; baseline 0 0"><span class='ocrx_word' id='word_1_113' title='bbox 0 1075 10 1166; x_wconf 95' lang='lat' dir='ltr'>  </span> 
     </span>
     <span class='ocr_line' id='line_1_28' title="bbox 0 1166 11 1250; baseline 0 1558"><span class='ocrx_word' id='word_1_114' title='bbox 0 1166 11 1250; x_wconf 95' lang='lat' dir='ltr'> </span> 
     </span>
    </p>
   </div>
   <div class='ocr_carea' id='block_1_7' title="bbox 1405 165 1458 199">
    <p class='ocr_par' dir='ltr' id='par_1_7' title="bbox 1405 165 1458 199">
     <span class='ocr_line' id='line_1_29' title="bbox 1405 165 1458 199; baseline -0.038 1"><span class='ocrx_word' id='word_1_115' title='bbox 1405 165 1458 199; x_wconf 86' lang='lat' dir='ltr'>LI</span> 
     </span>
    </p>
   </div>
   <div class='ocr_carea' id='block_1_8' title="bbox 742 244 1482 1271">
    <p class='ocr_par' dir='ltr' id='par_1_8' title="bbox 742 244 1482 1271">
     <span class='ocr_line' id='line_1_30' title="bbox 958 244 1463 304; baseline -0.024 -11"><span class='ocrx_word' id='word_1_116' title='bbox 958 253 1103 304; x_wconf 88' lang='lat' dir='ltr'>poesis,</span> <span class='ocrx_word' id='word_1_117' title='bbox 1146 249 1268 299; x_wconf 87' lang='lat' dir='ltr'>qualis</span> <span class='ocrx_word' id='word_1_118' title='bbox 1297 244 1463 294; x_wconf 76' lang='lat' dir='ltr'>Augusti</span> 
     </span>
     <span class='ocr_line' id='line_1_31' title="bbox 742 292 1461 350; baseline -0.025 -6"><span class='ocrx_word' id='word_1_119' title='bbox 742 311 868 344; x_wconf 87' lang='lat' dir='ltr'>aetate</span> <span class='ocrx_word' id='word_1_120' title='bbox 897 303 1029 350; x_wconf 88' lang='lat' dir='ltr'>viguit,</span> <span class='ocrx_word' id='word_1_121' title='bbox 1055 309 1151 347; x_wconf 87' lang='lat' dir='ltr'>quae</span> <span class='ocrx_word' id='word_1_122' title='bbox 1171 307 1285 344; x_wconf 91' lang='lat' dir='ltr'>quum</span> <span class='ocrx_word' id='word_1_123' title='bbox 1309 292 1461 329; x_wconf 87' lang='lat' dir='ltr'>omnino</span> 
     </span>
     <span class='ocr_line' id='line_1_32' title="bbox 743 341 1461 394; baseline -0.025 -4"><span class='ocrx_word' id='word_1_124' title='bbox 743 365 819 390; x_wconf 89' lang='lat' dir='ltr'>non</span> <span class='ocrx_word' id='word_1_125' title='bbox 843 352 989 394; x_wconf 84' lang='lat' dir='ltr'>nativa,</span> <span class='ocrx_word' id='word_1_126' title='bbox 1017 348 1083 383; x_wconf 87' lang='lat' dir='ltr'>sed</span> <span class='ocrx_word' id='word_1_127' title='bbox 1108 347 1187 380; x_wconf 89' lang='lat' dir='ltr'>arte</span> <span class='ocrx_word' id='word_1_128' title='bbox 1213 342 1317 377; x_wconf 85' lang='lat' dir='ltr'>facta</span> <span class='ocrx_word' id='word_1_129' title='bbox 1343 341 1461 383; x_wconf 86' lang='lat' dir='ltr'>esset,</span> 
     </span>
     <span class='ocr_line' id='line_1_33' title="bbox 744 384 1463 435; baseline -0.025 0"><span class='ocrx_word' id='word_1_130' title='bbox 744 405 822 435; x_wconf 90' lang='lat' dir='ltr'>tum</span> <span class='ocrx_word' id='word_1_131' title='bbox 847 398 959 433; x_wconf 87' lang='lat' dir='ltr'>etiam</span> <span class='ocrx_word' id='word_1_132' title='bbox 988 391 1231 430; x_wconf 88' lang='lat' dir='ltr'>artificiorum</span> <span class='ocrx_word' id='word_1_133' title='bbox 1259 384 1463 422; x_wconf 87' lang='lat' dir='ltr'>rhetorico-</span> 
     </span>
     <span class='ocr_line' id='line_1_34' title="bbox 746 430 1464 481; baseline -0.024 0"><span class='ocrx_word' id='word_1_134' title='bbox 746 457 826 481; x_wconf 86' lang='lat' dir='ltr'>rum</span> <span class='ocrx_word' id='word_1_135' title='bbox 861 443 1012 478; x_wconf 88' lang='lat' dir='ltr'>laudem</span> <span class='ocrx_word' id='word_1_136' title='bbox 1044 436 1248 474; x_wconf 77' lang='lat' dir='ltr'>studiosius</span> <span class='ocrx_word' id='word_1_137' title='bbox 1286 430 1464 476; x_wconf 81' lang='lat' dir='ltr'>captavit,</span> 
     </span>
     <span class='ocr_line' id='line_1_35' title="bbox 746 476 1467 537; baseline -0.025 -10"><span class='ocrx_word' id='word_1_138' title='bbox 746 501 865 537; x_wconf 86' lang='lat' dir='ltr'>usque</span> <span class='ocrx_word' id='word_1_139' title='bbox 896 489 984 523; x_wconf 92' lang='lat' dir='ltr'>dum</span> <span class='ocrx_word' id='word_1_140' title='bbox 1020 484 1182 529; x_wconf 85' lang='lat' dir='ltr'>denique</span> <span class='ocrx_word' id='word_1_141' title='bbox 1218 483 1300 515; x_wconf 85' lang='lat' dir='ltr'>tota</span> <span class='ocrx_word' id='word_1_142' title='bbox 1323 478 1404 513; x_wconf 87' lang='lat' dir='ltr'>fere</span> <span class='ocrx_word' id='word_1_143' title='bbox 1427 476 1467 510; x_wconf 86' lang='lat' dir='ltr'>in</span> 
     </span>
     <span class='ocr_line' id='line_1_36' title="bbox 748 524 1467 578; baseline -0.025 -5"><span class='ocrx_word' id='word_1_144' title='bbox 748 535 974 572; x_wconf 81' lang='lat' dir='ltr'>rhetoricam</span> <span class='ocrx_word' id='word_1_145' title='bbox 1003 530 1138 578; x_wconf 88' lang='lat' dir='ltr'>poesin</span> <span class='ocrx_word' id='word_1_146' title='bbox 1163 526 1297 563; x_wconf 84' lang='lat' dir='ltr'>abiret.</span> <span class='ocrx_word' id='word_1_147' title='bbox 1332 524 1467 569; x_wconf 86' lang='lat' dir='ltr'>Itaque</span> 
     </span>
     <span class='ocr_line' id='line_1_37' title="bbox 751 569 1468 622; baseline -0.025 -3"><span class='ocrx_word' id='word_1_148' title='bbox 751 587 836 618; x_wconf 89' lang='lat' dir='ltr'>sunt</span> <span class='ocrx_word' id='word_1_149' title='bbox 851 591 940 616; x_wconf 88' lang='lat' dir='ltr'>sane</span> <span class='ocrx_word' id='word_1_150' title='bbox 956 590 1032 614; x_wconf 92' lang='lat' dir='ltr'>non</span> <span class='ocrx_word' id='word_1_151' title='bbox 1045 586 1168 622; x_wconf 90' lang='lat' dir='ltr'>pauca</span> <span class='ocrx_word' id='word_1_152' title='bbox 1180 573 1218 608; x_wconf 91' lang='lat' dir='ltr'>in</span> <span class='ocrx_word' id='word_1_153' title='bbox 1226 569 1375 607; x_wconf 86' lang='lat' dir='ltr'>Horatii</span> <span class='ocrx_word' id='word_1_154' title='bbox 1390 579 1468 604; x_wconf 88' lang='lat' dir='ltr'>car-</span> 
     </span>
     <span class='ocr_line' id='line_1_38' title="bbox 749 615 1470 673; baseline -0.025 -8"><span class='ocrx_word' id='word_1_155' title='bbox 749 628 912 664; x_wconf 88' lang='lat' dir='ltr'>minibus</span> <span class='ocrx_word' id='word_1_156' title='bbox 928 623 1131 660; x_wconf 81' lang='lat' dir='ltr'>studiosius</span> <span class='ocrx_word' id='word_1_157' title='bbox 1147 617 1336 673; x_wconf 80' lang='lat' dir='ltr'>quaesita3</span> <span class='ocrx_word' id='word_1_158' title='bbox 1352 615 1470 649; x_wconf 89' lang='lat' dir='ltr'>multa</span> 
     </span>
     <span class='ocr_line' id='line_1_39' title="bbox 750 663 1470 711; baseline -0.024 0"><span class='ocrx_word' id='word_1_159' title='bbox 750 677 838 711; x_wconf 87' lang='lat' dir='ltr'>item</span> <span class='ocrx_word' id='word_1_160' title='bbox 857 680 1079 708; x_wconf 87' lang='lat' dir='ltr'>aerumnosa</span> <span class='ocrx_word' id='word_1_161' title='bbox 1099 663 1296 711; x_wconf 79' lang='lat' dir='ltr'>diligentia</span> <span class='ocrx_word' id='word_1_162' title='bbox 1321 670 1470 706; x_wconf 89' lang='lat' dir='ltr'>compo-</span> 
     </span>
     <span class='ocr_line' id='line_1_40' title="bbox 753 709 1471 765; baseline -0.025 -8"><span class='ocrx_word' id='word_1_163' title='bbox 753 722 844 765; x_wconf 78' lang='lat' dir='ltr'>sita3</span> <span class='ocrx_word' id='word_1_164' title='bbox 869 719 986 753; x_wconf 85' lang='lat' dir='ltr'>multa</span> <span class='ocrx_word' id='word_1_165' title='bbox 1000 714 1173 760; x_wconf 88' lang='lat' dir='ltr'>denique,</span> <span class='ocrx_word' id='word_1_166' title='bbox 1189 712 1226 745; x_wconf 91' lang='lat' dir='ltr'>in</span> <span class='ocrx_word' id='word_1_167' title='bbox 1235 709 1370 756; x_wconf 91' lang='lat' dir='ltr'>quibus</span> <span class='ocrx_word' id='word_1_168' title='bbox 1379 718 1471 753; x_wconf 91' lang='lat' dir='ltr'>pan-</span> 
     </span>
     <span class='ocr_line' id='line_1_41' title="bbox 753 751 1472 814; baseline -0.025 -11"><span class='ocrx_word' id='word_1_169' title='bbox 753 766 886 814; x_wconf 85' lang='lat' dir='ltr'>gendis</span> <span class='ocrx_word' id='word_1_170' title='bbox 910 767 1026 810; x_wconf 88' lang='lat' dir='ltr'>poeta</span> <span class='ocrx_word' id='word_1_171' title='bbox 1049 758 1191 806; x_wconf 84' lang='lat' dir='ltr'>ingenii</span> <span class='ocrx_word' id='word_1_172' title='bbox 1217 754 1396 790; x_wconf 86' lang='lat' dir='ltr'>vicarium</span> <span class='ocrx_word' id='word_1_173' title='bbox 1419 751 1472 787; x_wconf 84' lang='lat' dir='ltr'>vi-</span> 
     </span>
     <span class='ocr_line' id='line_1_42' title="bbox 755 798 1472 851; baseline -0.025 -2"><span class='ocrx_word' id='word_1_174' title='bbox 755 815 863 848; x_wconf 87' lang='lat' dir='ltr'>detur</span> <span class='ocrx_word' id='word_1_175' title='bbox 886 809 1066 845; x_wconf 84' lang='lat' dir='ltr'>habuisse</span> <span class='ocrx_word' id='word_1_176' title='bbox 1091 802 1345 851; x_wconf 83' lang='lat' dir='ltr'>operosiorem</span> <span class='ocrx_word' id='word_1_177' title='bbox 1368 798 1472 834; x_wconf 82' lang='lat' dir='ltr'>labo-</span> 
     </span>
     <span class='ocr_line' id='line_1_43' title="bbox 753 845 1474 902; baseline -0.024 -7"><span class='ocrx_word' id='word_1_178' title='bbox 753 871 842 895; x_wconf 86' lang='lat' dir='ltr'>rem.</span> <span class='ocrx_word' id='word_1_179' title='bbox 868 858 1002 902; x_wconf 86' lang='lat' dir='ltr'>Neque</span> <span class='ocrx_word' id='word_1_180' title='bbox 1017 853 1112 888; x_wconf 89' lang='lat' dir='ltr'>enim</span> <span class='ocrx_word' id='word_1_181' title='bbox 1122 853 1272 897; x_wconf 87' lang='lat' dir='ltr'>praeter</span> <span class='ocrx_word' id='word_1_182' title='bbox 1279 845 1474 881; x_wconf 87' lang='lat' dir='ltr'>veritatem</span> 
     </span>
     <span class='ocr_line' id='line_1_44' title="bbox 756 891 1474 944; baseline -0.025 -3"><span class='ocrx_word' id='word_1_183' title='bbox 756 904 875 940; x_wconf 86' lang='lat' dir='ltr'>Carm.</span> <span class='ocrx_word' id='word_1_184' title='bbox 889 903 954 938; x_wconf 85' lang='lat' dir='ltr'>IV.</span> <span class='ocrx_word' id='word_1_185' title='bbox 973 901 1006 944; x_wconf 78' lang='lat'>2,</span> <span class='ocrx_word' id='word_1_186' title='bbox 1020 899 1065 934; x_wconf 74' lang='lat'>28</span> <span class='ocrx_word' id='word_1_187' title='bbox 1074 909 1156 944; x_wconf 89' lang='lat' dir='ltr'>sqq.</span> <span class='ocrx_word' id='word_1_188' title='bbox 1176 905 1258 930; x_wconf 88' lang='lat' dir='ltr'>sese</span> <span class='ocrx_word' id='word_1_189' title='bbox 1279 891 1474 939; x_wconf 88' lang='lat' dir='ltr'>professus</span> 
     </span>
     <span class='ocr_line' id='line_1_45' title="bbox 757 941 1476 996; baseline -0.024 -10"><span class='ocrx_word' id='word_1_190' title='bbox 757 955 814 987; x_wconf 90' lang='lat' dir='ltr'>est</span> <span class='ocrx_word' id='word_1_191' title='bbox 827 951 902 996; x_wconf 78' lang='lat' dir='ltr'>apis</span> <span class='ocrx_word' id='word_1_192' title='bbox 914 948 1070 982; x_wconf 81' lang='lat' dir='ltr'>Matinae</span> <span class='ocrx_word' id='word_1_193' title='bbox 1084 955 1177 977; x_wconf 83' lang='lat' dir='ltr'>more</span> <span class='ocrx_word' id='word_1_194' title='bbox 1190 941 1355 985; x_wconf 82' lang='lat' dir='ltr'>modoque</span> <span class='ocrx_word' id='word_1_195' title='bbox 1372 942 1476 983; x_wconf 67' lang='lat' dir='ltr'>gyrata</span> 
     </span>
     <span class='ocr_line' id='line_1_46' title="bbox 757 983 1476 1042; baseline -0.024 -10"><span class='ocrx_word' id='word_1_196' title='bbox 757 996 928 1042; x_wconf 80' lang='lat' dir='ltr'>carpentis</span> <span class='ocrx_word' id='word_1_197' title='bbox 953 995 1065 1038; x_wconf 75' lang='lat' dir='ltr'>thyma</span> <span class='ocrx_word' id='word_1_198' title='bbox 1091 1001 1156 1035; x_wconf 85' lang='lat' dir='ltr'>per</span> <span class='ocrx_word' id='word_1_199' title='bbox 1181 987 1334 1022; x_wconf 83' lang='lat' dir='ltr'>laborem</span> <span class='ocrx_word' id='word_1_200' title='bbox 1360 983 1476 1029; x_wconf 80' lang='lat' dir='ltr'>pluri-</span> 
     </span>
     <span class='ocr_line' id='line_1_47' title="bbox 758 1028 1479 1078; baseline -0.024 0"><span class='ocrx_word' id='word_1_201' title='bbox 758 1054 850 1078; x_wconf 85' lang='lat' dir='ltr'>mum</span> <span class='ocrx_word' id='word_1_202' title='bbox 886 1042 977 1075; x_wconf 81' lang='lat' dir='ltr'>circa</span> <span class='ocrx_word' id='word_1_203' title='bbox 1012 1048 1130 1072; x_wconf 84' lang='lat' dir='ltr'>nemus</span> <span class='ocrx_word' id='word_1_204' title='bbox 1158 1033 1317 1077; x_wconf 79' lang='lat' dir='ltr'>uvidique</span> <span class='ocrx_word' id='word_1_205' title='bbox 1345 1028 1479 1064; x_wconf 83' lang='lat' dir='ltr'>Tiburis</span> 
     </span>
     <span class='ocr_line' id='line_1_48' title="bbox 759 1075 1478 1135; baseline -0.024 -11"><span class='ocrx_word' id='word_1_206' title='bbox 759 1091 854 1135; x_wconf 80' lang='lat' dir='ltr'>ripas</span> <span class='ocrx_word' id='word_1_207' title='bbox 890 1094 1070 1133; x_wconf 78' lang='lat' dir='ltr'>operosa</span> <span class='ocrx_word' id='word_1_208' title='bbox 1102 1091 1252 1127; x_wconf 81' lang='lat' dir='ltr'>parvum</span> <span class='ocrx_word' id='word_1_209' title='bbox 1289 1075 1478 1111; x_wconf 81' lang='lat' dir='ltr'>carmina</span> 
     </span>
     <span class='ocr_line' id='line_1_49' title="bbox 760 1121 1479 1182; baseline -0.024 -12"><span class='ocrx_word' id='word_1_210' title='bbox 760 1137 903 1182; x_wconf 74' lang='lat' dir='ltr'>finyere.</span> <span class='ocrx_word' id='word_1_211' title='bbox 965 1127 1218 1172; x_wconf 82' lang='lat' dir='ltr'>Quamobrem</span> <span class='ocrx_word' id='word_1_212' title='bbox 1259 1121 1479 1167; x_wconf 85' lang='lat' dir='ltr'>neutiquam</span> 
     </span>
     <span class='ocr_line' id='line_1_50' title="bbox 763 1168 1482 1216; baseline -0.022 -1"><span class='ocrx_word' id='word_1_213' title='bbox 763 1180 886 1215; x_wconf 91' lang='lat' dir='ltr'>omnia</span> <span class='ocrx_word' id='word_1_214' title='bbox 904 1178 1024 1212; x_wconf 90' lang='lat' dir='ltr'>libero</span> <span class='ocrx_word' id='word_1_215' title='bbox 1045 1173 1157 1209; x_wconf 88' lang='lat' dir='ltr'>animi</span> <span class='ocrx_word' id='word_1_216' title='bbox 1183 1170 1314 1216; x_wconf 89' lang='lat' dir='ltr'>spiritu</span> <span class='ocrx_word' id='word_1_217' title='bbox 1333 1168 1419 1202; x_wconf 81' lang='lat' dir='ltr'>fusa</span> <span class='ocrx_word' id='word_1_218' title='bbox 1444 1169 1482 1200; x_wconf 90' lang='lat' dir='ltr'>et</span> 
     </span>
     <span class='ocr_line' id='line_1_51' title="bbox 763 1214 1480 1271; baseline -0.024 -9"><span class='ocrx_word' id='word_1_219' title='bbox 763 1227 910 1271; x_wconf 85' lang='lat' dir='ltr'>integro</span> <span class='ocrx_word' id='word_1_220' title='bbox 920 1220 1053 1258; x_wconf 90' lang='lat' dir='ltr'>mentis</span> <span class='ocrx_word' id='word_1_221' title='bbox 1068 1219 1198 1264; x_wconf 85' lang='lat' dir='ltr'>vigore</span> <span class='ocrx_word' id='word_1_222' title='bbox 1212 1215 1362 1262; x_wconf 88' lang='lat' dir='ltr'>prolata</span> <span class='ocrx_word' id='word_1_223' title='bbox 1376 1214 1480 1256; x_wconf 80' lang='lat' dir='ltr'>sunt3</span> 
     </span>
    </p>
   </div>
   <div class='ocr_carea' id='block_1_9' title="bbox 730 349 752 1321">
    <p class='ocr_par' dir='ltr' id='par_1_9' title="bbox 730 349 752 1321">
     <span class='ocr_line' id='line_1_52' title="bbox 730 349 752 1321; baseline 0 0"><span class='ocrx_word' id='word_1_224' title='bbox 730 349 752 1321; x_wconf 95' lang='lat' dir='ltr'> </span> 
     </span>
    </p>
   </div>
   <div class='ocr_carea' id='block_1_10' title="bbox 19 1229 739 1421">
    <p class='ocr_par' dir='ltr' id='par_1_10' title="bbox 19 1229 738 1410">
     <span class='ocr_line' id='line_1_53' title="bbox 29 1229 737 1277; baseline -0.018 -4"><span class='ocrx_word' id='word_1_225' title='bbox 29 1248 94 1273; x_wconf 84' lang='lat' dir='ltr'>suo</span> <span class='ocrx_word' id='word_1_226' title='bbox 107 1234 395 1277; x_wconf 86' lang='lat' dir='ltr'>informavisset,</span> <span class='ocrx_word' id='word_1_227' title='bbox 416 1229 611 1276; x_wconf 84' lang='lat' dir='ltr'>exegerint</span> <span class='ocrx_word' id='word_1_228' title='bbox 624 1233 737 1272; x_wconf 85' lang='lat' dir='ltr'>atque</span> 
     </span>
     <span class='ocr_line' id='line_1_54' title="bbox 19 1271 738 1319; baseline -0.017 -2"><span class='ocrx_word' id='word_1_229' title='bbox 19 1281 325 1319; x_wconf 79' lang='lat' dir='ltr'>diiudicaverint.</span> <span class='ocrx_word' id='word_1_230' title='bbox 347 1277 527 1313; x_wconf 91' lang='lat' dir='ltr'>Nimirum</span> <span class='ocrx_word' id='word_1_231' title='bbox 541 1271 738 1309; x_wconf 86' lang='lat' dir='ltr'>offensioni</span> 
     </span>
     <span class='ocr_line' id='line_1_55' title="bbox 20 1319 738 1410; baseline -0.021 -44"><span class='ocrx_word' id='word_1_232' title='bbox 20 1329 118 1410; x_wconf 58' lang='lat' dir='ltr'>&amp;ipsis</span> <span class='ocrx_word' id='word_1_233' title='bbox 126 1328 271 1363; x_wconf 84' lang='lat' dir='ltr'>fuerunt</span> <span class='ocrx_word' id='word_1_234' title='bbox 277 1323 444 1371; x_wconf 87' lang='lat' dir='ltr'>inprimis</span> <span class='ocrx_word' id='word_1_235' title='bbox 452 1321 644 1367; x_wconf 85' lang='lat' dir='ltr'>longiores</span> <span class='ocrx_word' id='word_1_236' title='bbox 653 1319 738 1353; x_wconf 86' lang='lat' dir='ltr'>illae</span> 
     </span>
    </p>

    <p class='ocr_par' dir='ltr' id='par_1_11' title="bbox 54 1368 739 1421">
     <span class='ocr_line' id='line_1_56' title="bbox 54 1368 739 1421; baseline -0.018 -11"><span class='ocrx_word' id='word_1_237' title='bbox 54 1373 297 1421; x_wconf 72' lang='lat' dir='ltr'>&#39;gi-essiones,</span> <span class='ocrx_word' id='word_1_238' title='bbox 333 1368 554 1405; x_wconf 87' lang='lat' dir='ltr'>audaciores</span> <span class='ocrx_word' id='word_1_239' title='bbox 592 1370 739 1400; x_wconf 86' lang='lat' dir='ltr'>senten—</span> 
     </span>
    </p>
   </div>
   <div class='ocr_carea' id='block_1_11' title="bbox 0 1250 27 2808">
    <p class='ocr_par' dir='ltr' id='par_1_12' title="bbox 0 1250 27 2808">
     <span class='ocr_line' id='line_1_57' title="bbox 0 1250 11 1375; baseline 0 0"><span class='ocrx_word' id='word_1_240' title='bbox 0 1250 11 1375; x_wconf 95' lang='lat' dir='ltr'>      </span> 
     </span>
     <span class='ocr_line' id='line_1_58' title="bbox 0 1375 27 2808; baseline 0 0"><span class='ocrx_word' id='word_1_241' title='bbox 0 1375 27 2808; x_wconf 95' lang='lat' dir='ltr'>  </span> 
     </span>
    </p>
   </div>
   <div class='ocr_carea' id='block_1_12' title="bbox 28 1455 740 1510">
    <p class='ocr_par' dir='ltr' id='par_1_13' title="bbox 28 1455 740 1510">
     <span class='ocr_line' id='line_1_59' title="bbox 28 1455 740 1510; baseline -0.017 -8"><span class='ocrx_word' id='word_1_242' title='bbox 28 1466 168 1510; x_wconf 84' lang='lat' dir='ltr'>tiones,</span> <span class='ocrx_word' id='word_1_243' title='bbox 205 1463 366 1509; x_wconf 89' lang='lat' dir='ltr'>denique</span> <span class='ocrx_word' id='word_1_244' title='bbox 396 1458 662 1495; x_wconf 86' lang='lat' dir='ltr'>insolentiores</span> <span class='ocrx_word' id='word_1_245' title='bbox 693 1455 740 1490; x_wconf 90' lang='lat' dir='ltr'>ab</span> 
     </span>
    </p>
   </div>
   <div class='ocr_carea' id='block_1_13' title="bbox 16 1832 240 1868">
    <p class='ocr_par' dir='ltr' id='par_1_14' title="bbox 16 1832 240 1868">
     <span class='ocr_line' id='line_1_60' title="bbox 16 1832 240 1868; baseline -0.022 1"><span class='ocrx_word' id='word_1_246' title='bbox 16 1852 18 1854; x_wconf 35' lang='lat' dir='ltr'>v</span> <span class='ocrx_word' id='word_1_247' title='bbox 39 1832 240 1868; x_wconf 75' lang='lat' dir='ltr'>carminum</span> 
     </span>
    </p>
   </div>
   <div class='ocr_carea' id='block_1_14' title="bbox 50 2383 495 2429">
    <p class='ocr_par' dir='ltr' id='par_1_15' title="bbox 50 2383 495 2429">
     <span class='ocr_line' id='line_1_61' title="bbox 50 2383 495 2429; baseline -0.016 -12"><span class='ocrx_word' id='word_1_248' title='bbox 50 2390 161 2429; x_wconf 65' lang='lat' dir='ltr'>quum</span> <span class='ocrx_word' id='word_1_249' title='bbox 179 2383 293 2424; x_wconf 87' lang='lat' dir='ltr'>poeta</span> <span class='ocrx_word' id='word_1_250' title='bbox 310 2389 348 2412; x_wconf 88' lang='lat' dir='ltr'>in</span> <span class='ocrx_word' id='word_1_251' title='bbox 366 2389 411 2411; x_wconf 94' lang='lat' dir='ltr'>iis</span> <span class='ocrx_word' id='word_1_252' title='bbox 425 2387 495 2411; x_wconf 90' lang='lat' dir='ltr'>con</span> 
     </span>
    </p>
   </div>
   <div class='ocr_carea' id='block_1_15' title="bbox 53 2514 638 2606">
    <p class='ocr_par' dir='ltr' id='par_1_16' title="bbox 53 2514 638 2606">
     <span class='ocr_line' id='line_1_62' title="bbox 53 2514 531 2562; baseline -0.01 -9"><span class='ocrx_word' id='word_1_253' title='bbox 53 2514 192 2559; x_wconf 53' lang='lat' dir='ltr'>Mae</span> <span class='ocrx_word' id='word_1_254' title='bbox 219 2527 331 2562; x_wconf 87' lang='lat' dir='ltr'>quam</span> <span class='ocrx_word' id='word_1_255' title='bbox 355 2514 531 2550; x_wconf 86' lang='lat' dir='ltr'>materiae</span> 
     </span>
     <span class='ocr_line' id='line_1_63' title="bbox 54 2560 638 2606; baseline -0.014 -6"><span class='ocrx_word' id='word_1_256' title='bbox 54 2560 154 2600; x_wconf 65' lang='lat' dir='ltr'>fiune</span> <span class='ocrx_word' id='word_1_257' title='bbox 167 2562 348 2597; x_wconf 86' lang='lat' dir='ltr'>imitando</span> <span class='ocrx_word' id='word_1_258' title='bbox 370 2560 572 2606; x_wconf 81' lang='lat' dir='ltr'>exprimere</span> <span class='ocrx_word' id='word_1_259' title='bbox 592 2569 638 2593; x_wconf 91' lang='lat' dir='ltr'>vo</span> 
     </span>
    </p>
   </div>
   <div class='ocr_carea' id='block_1_16' title="bbox 60 2664 280 2676">
    <p class='ocr_par' dir='ltr' id='par_1_17' title="bbox 60 2664 280 2676">
     <span class='ocr_line' id='line_1_64' title="bbox 60 2664 280 2676; baseline 0 132"><span class='ocrx_word' id='word_1_260' title='bbox 60 2664 280 2676; x_wconf 95' lang='lat' dir='ltr'> </span> 
     </span>
    </p>
   </div>
   <div class='ocr_carea' id='block_1_17' title="bbox 12 1415 741 1456">
    <p class='ocr_par' dir='ltr' id='par_1_18' title="bbox 12 1415 741 1456">
     <span class='ocr_line' id='line_1_65' title="bbox 12 1415 741 1456; baseline -0.019 1"><span class='ocrx_word' id='word_1_261' title='bbox 12 1421 160 1456; x_wconf 45' lang='lat' dir='ltr'>ciarum</span> <span class='ocrx_word' id='word_1_262' title='bbox 194 1417 435 1454; x_wconf 77' lang='lat' dir='ltr'>traiectiones</span> <span class='ocrx_word' id='word_1_263' title='bbox 471 1418 509 1449; x_wconf 88' lang='lat' dir='ltr'>et</span> <span class='ocrx_word' id='word_1_264' title='bbox 542 1415 741 1447; x_wconf 88' lang='lat' dir='ltr'>commuta-</span> 
     </span>
    </p>
   </div>
   <div class='ocr_carea' id='block_1_18' title="bbox 20 1506 1489 1603">
    <p class='ocr_par' dir='ltr' id='par_1_19' title="bbox 20 1506 1489 1603">
     <span class='ocr_line' id='line_1_66' title="bbox 20 1506 742 1550; baseline -0.018 -2"><span class='ocrx_word' id='word_1_265' title='bbox 20 1512 112 1548; x_wconf 70' lang='lat' dir='ltr'>aliis</span> <span class='ocrx_word' id='word_1_266' title='bbox 131 1511 180 1546; x_wconf 90' lang='lat' dir='ltr'>ad</span> <span class='ocrx_word' id='word_1_267' title='bbox 199 1510 275 1545; x_wconf 87' lang='lat' dir='ltr'>alia</span> <span class='ocrx_word' id='word_1_268' title='bbox 293 1507 552 1550; x_wconf 85' lang='lat' dir='ltr'>transitiones,</span> <span class='ocrx_word' id='word_1_269' title='bbox 575 1514 669 1550; x_wconf 86' lang='lat' dir='ltr'>quas</span> <span class='ocrx_word' id='word_1_270' title='bbox 689 1506 742 1536; x_wconf 87' lang='lat' dir='ltr'>ta—</span> 
     </span>
     <span class='ocr_line' id='line_1_67' title="bbox 23 1535 1489 1603; baseline -0.019 -9"><span class='ocrx_word' id='word_1_271' title='bbox 23 1569 115 1594; x_wconf 86' lang='lat' dir='ltr'>·men</span> <span class='ocrx_word' id='word_1_272' title='bbox 131 1560 280 1603; x_wconf 86' lang='lat' dir='ltr'>poetam</span> <span class='ocrx_word' id='word_1_273' title='bbox 299 1553 458 1588; x_wconf 89' lang='lat' dir='ltr'>vidimus</span> <span class='ocrx_word' id='word_1_274' title='bbox 479 1550 608 1586; x_wconf 90' lang='lat' dir='ltr'>dedita</span> <span class='ocrx_word' id='word_1_275' title='bbox 629 1558 744 1593; x_wconf 90' lang='lat' dir='ltr'>opera</span> <span class='ocrx_word' id='word_1_276' title='bbox 768 1557 961 1582; x_wconf 88' lang='lat' dir='ltr'>versorum</span> <span class='ocrx_word' id='word_1_277' title='bbox 987 1541 1189 1577; x_wconf 81' lang='lat' dir='ltr'>carminum</span> <span class='ocrx_word' id='word_1_278' title='bbox 1219 1536 1396 1572; x_wconf 84' lang='lat' dir='ltr'>auferant</span> <span class='ocrx_word' id='word_1_279' title='bbox 1425 1535 1489 1568; x_wconf 87' lang='lat' dir='ltr'>aut</span> 
     </span>
    </p>
   </div>
   <div class='ocr_carea' id='block_1_19' title="bbox 16 1592 1504 2476">
    <p class='ocr_par' dir='ltr' id='par_1_20' title="bbox 16 1592 1500 2380">
     <span class='ocr_line' id='line_1_68' title="bbox 32 1592 1003 1645; baseline -0.015 -6"><span class='ocrx_word' id='word_1_280' title='bbox 32 1607 214 1640; x_wconf 86' lang='lat' dir='ltr'>sectatum</span> <span class='ocrx_word' id='word_1_281' title='bbox 232 1611 315 1636; x_wconf 85' lang='lat' dir='ltr'>esse</span> <span class='ocrx_word' id='word_1_282' title='bbox 334 1604 464 1645; x_wconf 86' lang='lat' dir='ltr'>utpote</span> <span class='ocrx_word' id='word_1_283' title='bbox 484 1596 590 1643; x_wconf 89' lang='lat' dir='ltr'>poesi</span> <span class='ocrx_word' id='word_1_284' title='bbox 604 1594 743 1641; x_wconf 86' lang='lat' dir='ltr'>lyricae</span> <span class='ocrx_word' id='word_1_285' title='bbox 769 1594 905 1628; x_wconf 86' lang='lat' dir='ltr'>iustam</span> <span class='ocrx_word' id='word_1_286' title='bbox 920 1592 1003 1635; x_wconf 85' lang='lat' dir='ltr'>sing</span> 
     </span>
     <span class='ocr_line' id='line_1_69' title="bbox 32 1625 1491 1687; baseline -0.019 -2"><span class='ocrx_word' id='word_1_287' title='bbox 32 1647 231 1685; x_wconf 90' lang='lat' dir='ltr'>nonmodo</span> <span class='ocrx_word' id='word_1_288' title='bbox 248 1650 532 1687; x_wconf 84' lang='lat' dir='ltr'>consentaneas,</span> <span class='ocrx_word' id='word_1_289' title='bbox 553 1642 619 1676; x_wconf 89' lang='lat' dir='ltr'>sed</span> <span class='ocrx_word' id='word_1_290' title='bbox 633 1641 744 1686; x_wconf 89' lang='lat' dir='ltr'>plane</span> <span class='ocrx_word' id='word_1_291' title='bbox 769 1651 848 1674; x_wconf 87' lang='lat' dir='ltr'>ram</span> <span class='ocrx_word' id='word_1_292' title='bbox 873 1642 910 1673; x_wconf 90' lang='lat' dir='ltr'>et</span> <span class='ocrx_word' id='word_1_293' title='bbox 936 1633 1214 1682; x_wconf 86' lang='lat' dir='ltr'>copulationem</span> <span class='ocrx_word' id='word_1_294' title='bbox 1243 1628 1399 1663; x_wconf 89' lang='lat' dir='ltr'>turbent</span> <span class='ocrx_word' id='word_1_295' title='bbox 1429 1625 1491 1660; x_wconf 89' lang='lat' dir='ltr'>vel</span> 
     </span>
     <span class='ocr_line' id='line_1_70' title="bbox 26 1686 746 1731; baseline -0.017 0"><span class='ocrx_word' id='word_1_296' title='bbox 26 1694 276 1731; x_wconf 82' lang='lat' dir='ltr'>necessarias.</span> <span class='ocrx_word' id='word_1_297' title='bbox 300 1691 371 1727; x_wconf 88' lang='lat' dir='ltr'>His</span> <span class='ocrx_word' id='word_1_298' title='bbox 386 1701 471 1725; x_wconf 87' lang='lat' dir='ltr'>vero</span> <span class='ocrx_word' id='word_1_299' title='bbox 484 1688 623 1724; x_wconf 89' lang='lat' dir='ltr'>rectius</span> <span class='ocrx_word' id='word_1_300' title='bbox 637 1686 746 1721; x_wconf 88' lang='lat' dir='ltr'>aesti-</span> 
     </span>
     <span class='ocr_line' id='line_1_71' title="bbox 33 1718 1491 1778; baseline -0.017 -2"><span class='ocrx_word' id='word_1_301' title='bbox 33 1740 143 1776; x_wconf 82' lang='lat' dir='ltr'>matis</span> <span class='ocrx_word' id='word_1_302' title='bbox 157 1743 255 1775; x_wconf 87' lang='lat' dir='ltr'>certe</span> <span class='ocrx_word' id='word_1_303' title='bbox 269 1738 332 1773; x_wconf 87' lang='lat' dir='ltr'>alii</span> <span class='ocrx_word' id='word_1_304' title='bbox 346 1736 465 1772; x_wconf 87' lang='lat' dir='ltr'>critici</span> <span class='ocrx_word' id='word_1_305' title='bbox 478 1734 746 1778; x_wconf 85' lang='lat' dir='ltr'>etinterpretes</span> <span class='ocrx_word' id='word_1_306' title='bbox 772 1733 811 1766; x_wconf 92' lang='lat' dir='ltr'>in</span> <span class='ocrx_word' id='word_1_307' title='bbox 835 1741 874 1765; x_wconf 87' lang='lat' dir='ltr'>re</span> <span class='ocrx_word' id='word_1_308' title='bbox 901 1727 1063 1772; x_wconf 86' lang='lat' dir='ltr'>vestigia</span> <span class='ocrx_word' id='word_1_309' title='bbox 1082 1720 1354 1760; x_wconf 86' lang='lat' dir='ltr'>artificiosioris</span> <span class='ocrx_word' id='word_1_310' title='bbox 1376 1718 1491 1754; x_wconf 79' lang='lat' dir='ltr'>Grae-</span> 
     </span>
     <span class='ocr_line' id='line_1_72' title="bbox 16 1763 1492 1831; baseline -0.018 -9"><span class='ocrx_word' id='word_1_311' title='bbox 16 1814 18 1817; x_wconf 48' lang='lat'>&gt;</span> <span class='ocrx_word' id='word_1_312' title='bbox 35 1786 150 1822; x_wconf 81' lang='lat' dir='ltr'>multo</span> <span class='ocrx_word' id='word_1_313' title='bbox 171 1784 342 1831; x_wconf 88' lang='lat' dir='ltr'>profecto</span> <span class='ocrx_word' id='word_1_314' title='bbox 362 1783 470 1818; x_wconf 86' lang='lat' dir='ltr'>aliter</span> <span class='ocrx_word' id='word_1_315' title='bbox 489 1782 534 1816; x_wconf 91' lang='lat' dir='ltr'>de</span> <span class='ocrx_word' id='word_1_316' title='bbox 549 1778 748 1814; x_wconf 89' lang='lat' dir='ltr'>virtutibus</span> <span class='ocrx_word' id='word_1_317' title='bbox 774 1788 901 1812; x_wconf 88' lang='lat' dir='ltr'>corum</span> <span class='ocrx_word' id='word_1_318' title='bbox 914 1770 1143 1814; x_wconf 82' lang='lat' dir='ltr'>imitationis,</span> <span class='ocrx_word' id='word_1_319' title='bbox 1157 1778 1254 1815; x_wconf 88' lang='lat' dir='ltr'>quae</span> <span class='ocrx_word' id='word_1_320' title='bbox 1263 1763 1492 1802; x_wconf 86' lang='lat' dir='ltr'>etsiliberio—</span> 
     </span>
     <span class='ocr_line' id='line_1_73' title="bbox 279 1828 748 1865; baseline -0.017 0"><span class='ocrx_word' id='word_1_321' title='bbox 279 1828 571 1865; x_wconf 84' lang='lat' dir='ltr'>Horatianorum</span> <span class='ocrx_word' id='word_1_322' title='bbox 613 1828 748 1859; x_wconf 85' lang='lat' dir='ltr'>statue-</span> 
     </span>
     <span class='ocr_line' id='line_1_74' title="bbox 39 1867 891 1930; baseline -0.015 -16"><span class='ocrx_word' id='word_1_323' title='bbox 39 1881 136 1930; x_wconf 73' lang='lat' dir='ltr'>runt,</span> <span class='ocrx_word' id='word_1_324' title='bbox 163 1877 298 1928; x_wconf 79' lang='lat' dir='ltr'>quibus</span> <span class='ocrx_word' id='word_1_325' title='bbox 321 1885 391 1909; x_wconf 88' lang='lat' dir='ltr'>nos</span> <span class='ocrx_word' id='word_1_326' title='bbox 418 1873 566 1919; x_wconf 90' lang='lat' dir='ltr'>quidem</span> <span class='ocrx_word' id='word_1_327' title='bbox 589 1870 751 1905; x_wconf 82' lang='lat' dir='ltr'>fatemur</span> <span class='ocrx_word' id='word_1_328' title='bbox 776 1867 891 1911; x_wconf 81' lang='lat' dir='ltr'>davit,</span> 
     </span>
     <span class='ocr_line' id='line_1_75' title="bbox 18 1903 1494 1976; baseline -0.017 -17"><span class='ocrx_word' id='word_1_329' title='bbox 18 1928 95 1976; x_wconf 54' lang='lat' dir='ltr'>&#39;&#39;lt’&#39;</span> <span class='ocrx_word' id='word_1_330' title='bbox 105 1920 336 1974; x_wconf 72' lang='lat' dir='ltr'>adstipulari,</span> <span class='ocrx_word' id='word_1_331' title='bbox 353 1924 395 1954; x_wconf 91' lang='lat' dir='ltr'>ut</span> <span class='ocrx_word' id='word_1_332' title='bbox 406 1916 639 1971; x_wconf 77' lang='lat' dir='ltr'>paucissimis</span> <span class='ocrx_word' id='word_1_333' title='bbox 656 1914 751 1950; x_wconf 87' lang='lat' dir='ltr'>locis</span> <span class='ocrx_word' id='word_1_334' title='bbox 776 1915 865 1949; x_wconf 84' lang='lat' dir='ltr'>time</span> <span class='ocrx_word' id='word_1_335' title='bbox 879 1912 1204 1957; x_wconf 84' lang='lat' dir='ltr'>componerentur,</span> <span class='ocrx_word' id='word_1_336' title='bbox 1219 1903 1367 1940; x_wconf 90' lang='lat' dir='ltr'>minime</span> <span class='ocrx_word' id='word_1_337' title='bbox 1381 1903 1494 1947; x_wconf 90' lang='lat' dir='ltr'>impe-</span> 
     </span>
     <span class='ocr_line' id='line_1_76' title="bbox 41 1972 751 2021; baseline -0.014 -17"><span class='ocrx_word' id='word_1_338' title='bbox 41 1980 80 2021; x_wconf 77' lang='lat' dir='ltr'>in</span> <span class='ocrx_word' id='word_1_339' title='bbox 94 1977 366 2020; x_wconf 39' lang='lat' dir='ltr'>‚universorum-</span> <span class='ocrx_word' id='word_1_340' title='bbox 383 1975 584 2000; x_wconf 88' lang='lat' dir='ltr'>carminum</span> <span class='ocrx_word' id='word_1_341' title='bbox 604 1972 751 2006; x_wconf 90' lang='lat' dir='ltr'>compo-</span> 
     </span>
     <span class='ocr_line' id='line_1_77' title="bbox 44 2002 1075 2058; baseline -0.014 -9"><span class='ocrx_word' id='word_1_342' title='bbox 44 2018 178 2049; x_wconf 82' lang='lat' dir='ltr'>sitione</span> <span class='ocrx_word' id='word_1_343' title='bbox 202 2016 314 2058; x_wconf 85' lang='lat' dir='ltr'>atque</span> <span class='ocrx_word' id='word_1_344' title='bbox 339 2011 568 2056; x_wconf 85' lang='lat' dir='ltr'>singularum</span> <span class='ocrx_word' id='word_1_345' title='bbox 593 2007 753 2053; x_wconf 84' lang='lat' dir='ltr'>partium</span> <span class='ocrx_word' id='word_1_346' title='bbox 778 2017 855 2041; x_wconf 91' lang='lat' dir='ltr'>non</span> <span class='ocrx_word' id='word_1_347' title='bbox 881 2003 1005 2039; x_wconf 82' lang='lat' dir='ltr'>statim</span> <span class='ocrx_word' id='word_1_348' title='bbox 1029 2002 1075 2035; x_wconf 91' lang='lat' dir='ltr'>de</span> 
     </span>
     <span class='ocr_line' id='line_1_78' title="bbox 44 2039 1498 2112; baseline -0.016 -17"><span class='ocrx_word' id='word_1_349' title='bbox 44 2070 172 2112; x_wconf 73' lang='lat' dir='ltr'>eorum</span> <span class='ocrx_word' id='word_1_350' title='bbox 185 2056 510 2103; x_wconf 83' lang='lat' dir='ltr'>coagmentatione</span> <span class='ocrx_word' id='word_1_351' title='bbox 522 2055 600 2089; x_wconf 85' lang='lat' dir='ltr'>iure</span> <span class='ocrx_word' id='word_1_352' title='bbox 616 2052 754 2088; x_wconf 87' lang='lat' dir='ltr'>offendi</span> <span class='ocrx_word' id='word_1_353' title='bbox 780 2052 881 2087; x_wconf 90' lang='lat' dir='ltr'>tione</span> <span class='ocrx_word' id='word_1_354' title='bbox 909 2053 974 2084; x_wconf 89' lang='lat' dir='ltr'>aut</span> <span class='ocrx_word' id='word_1_355' title='bbox 1003 2049 1172 2082; x_wconf 90' lang='lat' dir='ltr'>locorum</span> <span class='ocrx_word' id='word_1_356' title='bbox 1203 2039 1498 2087; x_wconf 84' lang='lat' dir='ltr'>interpolatione</span> 
     </span>
     <span class='ocr_line' id='line_1_79' title="bbox 44 2092 1096 2158; baseline -0.014 -17"><span class='ocrx_word' id='word_1_357' title='bbox 44 2109 304 2158; x_wconf 58' lang='lat' dir='ltr'>existimemus</span> <span class='ocrx_word' id='word_1_358' title='bbox 330 2102 530 2136; x_wconf 84' lang='lat' dir='ltr'>Praeterea</span> <span class='ocrx_word' id='word_1_359' title='bbox 542 2111 629 2134; x_wconf 81' lang='lat' dir='ltr'>vei-o</span> <span class='ocrx_word' id='word_1_360' title='bbox 644 2098 756 2134; x_wconf 89' lang='lat' dir='ltr'>etiam</span> <span class='ocrx_word' id='word_1_361' title='bbox 782 2095 1023 2142; x_wconf 83' lang='lat' dir='ltr'>cogitandum</span> <span class='ocrx_word' id='word_1_362' title='bbox 1038 2092 1096 2136; x_wconf 86' lang='lat' dir='ltr'>sit,</span> 
     </span>
     <span class='ocr_line' id='line_1_80' title="bbox 28 2145 756 2196; baseline -0.014 -9"><span class='ocrx_word' id='word_1_363' title='bbox 28 2150 147 2186; x_wconf 76' lang='lat' dir='ltr'>aliud</span> <span class='ocrx_word' id='word_1_364' title='bbox 166 2149 257 2196; x_wconf 89' lang='lat' dir='ltr'>quid</span> <span class='ocrx_word' id='word_1_365' title='bbox 276 2152 350 2193; x_wconf 89' lang='lat' dir='ltr'>est,</span> <span class='ocrx_word' id='word_1_366' title='bbox 377 2147 477 2194; x_wconf 85' lang='lat' dir='ltr'>quod</span> <span class='ocrx_word' id='word_1_367' title='bbox 496 2146 596 2180; x_wconf 88' lang='lat' dir='ltr'>haud</span> <span class='ocrx_word' id='word_1_368' title='bbox 622 2145 756 2180; x_wconf 87' lang='lat' dir='ltr'>scimus</span> 
     </span>
     <span class='ocr_line' id='line_1_81' title="bbox 45 2189 756 2248; baseline -0.01 -17"><span class='ocrx_word' id='word_1_369' title='bbox 45 2207 132 2248; x_wconf 61' lang='lat' dir='ltr'>nuni</span> <span class='ocrx_word' id='word_1_370' title='bbox 152 2197 239 2230; x_wconf 87' lang='lat' dir='ltr'>viris</span> <span class='ocrx_word' id='word_1_371' title='bbox 259 2193 380 2246; x_wconf 79' lang='lat' dir='ltr'>doctis</span> <span class='ocrx_word' id='word_1_372' title='bbox 400 2193 439 2227; x_wconf 90' lang='lat' dir='ltr'>in</span> <span class='ocrx_word' id='word_1_373' title='bbox 456 2191 667 2226; x_wconf 88' lang='lat' dir='ltr'>iudicandis</span> <span class='ocrx_word' id='word_1_374' title='bbox 680 2189 756 2224; x_wconf 91' lang='lat' dir='ltr'>Ho-</span> 
     </span>
     <span class='ocr_line' id='line_1_82' title="bbox 46 2224 1500 2294; baseline -0.014 -17"><span class='ocrx_word' id='word_1_375' title='bbox 46 2247 130 2278; x_wconf 81' lang='lat' dir='ltr'>ratu</span> <span class='ocrx_word' id='word_1_376' title='bbox 160 2240 385 2294; x_wconf 72' lang='lat' dir='ltr'>carminibus</span> <span class='ocrx_word' id='word_1_377' title='bbox 415 2238 584 2273; x_wconf 86' lang='lat' dir='ltr'>fraudem</span> <span class='ocrx_word' id='word_1_378' title='bbox 615 2236 758 2272; x_wconf 78' lang='lat' dir='ltr'>feeerit.</span> <span class='ocrx_word' id='word_1_379' title='bbox 783 2233 994 2270; x_wconf 87' lang='lat' dir='ltr'>meminisse</span> <span class='ocrx_word' id='word_1_380' title='bbox 1020 2241 1160 2271; x_wconf 90' lang='lat' dir='ltr'>eorum,</span> <span class='ocrx_word' id='word_1_381' title='bbox 1189 2236 1285 2272; x_wconf 87' lang='lat' dir='ltr'>quae</span> <span class='ocrx_word' id='word_1_382' title='bbox 1304 2224 1500 2270; x_wconf 87' lang='lat' dir='ltr'>praeclare</span> 
     </span>
     <span class='ocr_line' id='line_1_83' title="bbox 48 2275 1204 2339; baseline -0.014 -16"><span class='ocrx_word' id='word_1_383' title='bbox 48 2286 246 2339; x_wconf 75' lang='lat' dir='ltr'>Suntenini</span> <span class='ocrx_word' id='word_1_384' title='bbox 254 2285 418 2320; x_wconf 89' lang='lat' dir='ltr'>carmina</span> <span class='ocrx_word' id='word_1_385' title='bbox 424 2283 571 2319; x_wconf 88' lang='lat' dir='ltr'>Horatii</span> <span class='ocrx_word' id='word_1_386' title='bbox 578 2284 758 2328; x_wconf 88' lang='lat' dir='ltr'>pleraque</span> <span class='ocrx_word' id='word_1_387' title='bbox 785 2280 935 2326; x_wconf 83' lang='lat' dir='ltr'>scripsit</span> <span class='ocrx_word' id='word_1_388' title='bbox 946 2275 1204 2316; x_wconf 87' lang='lat' dir='ltr'>Quintilianus</span> 
     </span>
     <span class='ocr_line' id='line_1_84' title="bbox 48 2324 1180 2380; baseline -0.013 -11"><span class='ocrx_word' id='word_1_389' title='bbox 48 2331 381 2369; x_wconf 78' lang='lat' dir='ltr'>omniaartificiose</span> <span class='ocrx_word' id='word_1_390' title='bbox 391 2329 610 2375; x_wconf 84' lang='lat' dir='ltr'>composita,</span> <span class='ocrx_word' id='word_1_391' title='bbox 621 2329 758 2375; x_wconf 89' lang='lat' dir='ltr'>quippe</span> <span class='ocrx_word' id='word_1_392' title='bbox 784 2340 819 2380; x_wconf 89' lang='lat' dir='ltr'>p.</span> <span class='ocrx_word' id='word_1_393' title='bbox 839 2326 917 2361; x_wconf 84' lang='lat'><strong>490.</strong></span> <span class='ocrx_word' id='word_1_394' title='bbox 944 2326 1003 2359; x_wconf 87' lang='lat' dir='ltr'>ed.</span> <span class='ocrx_word' id='word_1_395' title='bbox 1024 2324 1180 2358; x_wconf 83' lang='lat' dir='ltr'>Gesner.</span> 
     </span>
    </p>

    <p class='ocr_par' dir='ltr' id='par_1_21' title="bbox 49 2375 1504 2476">
     <span class='ocr_line' id='line_1_85' title="bbox 500 2375 759 2410; baseline -0.008 0"><span class='ocrx_word' id='word_1_396' title='bbox 500 2375 632 2410; x_wconf 90' lang='lat' dir='ltr'>dendis</span> <span class='ocrx_word' id='word_1_397' title='bbox 647 2375 759 2410; x_wconf 85' lang='lat' dir='ltr'>Grae—</span> 
     </span>
     <span class='ocr_line' id='line_1_86' title="bbox 49 2407 1504 2476; baseline -0.016 -15"><span class='ocrx_word' id='word_1_398' title='bbox 49 2431 176 2461; x_wconf 61' lang='lat' dir='ltr'>fflum</span> <span class='ocrx_word' id='word_1_399' title='bbox 189 2424 359 2476; x_wconf 82' lang='lat' dir='ltr'>exempla</span> <span class='ocrx_word' id='word_1_400' title='bbox 377 2423 424 2458; x_wconf 94' lang='lat' dir='ltr'>ob</span> <span class='ocrx_word' id='word_1_401' title='bbox 445 2422 575 2457; x_wconf 87' lang='lat' dir='ltr'>oculos</span> <span class='ocrx_word' id='word_1_402' title='bbox 589 2419 762 2456; x_wconf 87' lang='lat' dir='ltr'>habuerit</span> <span class='ocrx_word' id='word_1_403' title='bbox 787 2430 874 2466; x_wconf 80' lang='lat' dir='ltr'>quae</span> <span class='ocrx_word' id='word_1_404' title='bbox 892 2416 1010 2461; x_wconf 73' lang='lat' dir='ltr'>maynz&#39;</span> <span class='ocrx_word' id='word_1_405' title='bbox 1026 2420 1184 2449; x_wconf 78' lang='lat' dir='ltr'>auctores</span> <span class='ocrx_word' id='word_1_406' title='bbox 1203 2410 1365 2449; x_wconf 72' lang='lat' dir='ltr'>dixerint,</span> <span class='ocrx_word' id='word_1_407' title='bbox 1391 2407 1504 2452; x_wconf 84' lang='lat' dir='ltr'>utique</span> 
     </span>
    </p>
   </div>
   <div class='ocr_carea' id='block_1_20' title="bbox 51 2453 1505 2557">
    <p class='ocr_par' dir='ltr' id='par_1_22' title="bbox 51 2453 1505 2557">
     <span class='ocr_line' id='line_1_87' title="bbox 51 2453 1504 2517; baseline -0.016 -10"><span class='ocrx_word' id='word_1_408' title='bbox 51 2480 252 2517; x_wconf 66' lang='lat' dir='ltr'>eorumque</span> <span class='ocrx_word' id='word_1_409' title='bbox 278 2481 348 2504; x_wconf 89' lang='lat' dir='ltr'>vim</span> <span class='ocrx_word' id='word_1_410' title='bbox 373 2473 412 2504; x_wconf 90' lang='lat' dir='ltr'>et</span> <span class='ocrx_word' id='word_1_411' title='bbox 435 2467 661 2513; x_wconf 85' lang='lat' dir='ltr'>elegantiam</span> <span class='ocrx_word' id='word_1_412' title='bbox 686 2470 762 2500; x_wconf 87' lang='lat' dir='ltr'>tam</span> <span class='ocrx_word' id='word_1_413' title='bbox 787 2477 858 2500; x_wconf 83' lang='lat' dir='ltr'>esse</span> <span class='ocrx_word' id='word_1_414' title='bbox 877 2462 1047 2509; x_wconf 80' lang='lat' dir='ltr'>perfecta.</span> <span class='ocrx_word' id='word_1_415' title='bbox 1084 2460 1180 2493; x_wconf 88' lang='lat' dir='ltr'>Nam</span> <span class='ocrx_word' id='word_1_416' title='bbox 1206 2465 1235 2491; x_wconf 78' lang='lat' dir='ltr'>et</span> <span class='ocrx_word' id='word_1_417' title='bbox 1257 2455 1419 2490; x_wconf 76' lang='lat' dir='ltr'>labuntur</span> <span class='ocrx_word' id='word_1_418' title='bbox 1438 2453 1504 2486; x_wconf 88' lang='lat' dir='ltr'>ali-</span> 
     </span>
     <span class='ocr_line' id='line_1_88' title="bbox 557 2500 1505 2557; baseline -0.019 -9"><span class='ocrx_word' id='word_1_419' title='bbox 557 2512 688 2548; x_wconf 80' lang='lat' dir='ltr'>habita</span> <span class='ocrx_word' id='word_1_420' title='bbox 707 2523 763 2546; x_wconf 80' lang='lat' dir='ltr'>ra—</span> <span class='ocrx_word' id='word_1_421' title='bbox 789 2511 943 2557; x_wconf 81' lang='lat' dir='ltr'>quando,</span> <span class='ocrx_word' id='word_1_422' title='bbox 968 2513 998 2541; x_wconf 78' lang='lat' dir='ltr'>et</span> <span class='ocrx_word' id='word_1_423' title='bbox 1012 2507 1110 2540; x_wconf 81' lang='lat' dir='ltr'>oneri</span> <span class='ocrx_word' id='word_1_424' title='bbox 1121 2505 1259 2546; x_wconf 79' lang='lat' dir='ltr'>cedunt,</span> <span class='ocrx_word' id='word_1_425' title='bbox 1286 2500 1505 2543; x_wconf 73' lang='lat' dir='ltr'>elindulyent</span> 
     </span>
    </p>
   </div>
   <div class='ocr_carea' id='block_1_21' title="bbox 56 2546 1506 2658">
    <p class='ocr_par' dir='ltr' id='par_1_23' title="bbox 56 2546 1506 2658">
     <span class='ocr_line' id='line_1_89' title="bbox 112 2546 1506 2617; baseline -0.019 -14"><span class='ocrx_word' id='word_1_426' title='bbox 112 2615 114 2617; x_wconf 66' lang='lat'>‚</span> <span class='ocrx_word' id='word_1_427' title='bbox 643 2557 764 2592; x_wconf 89' lang='lat' dir='ltr'>luerit.</span> <span class='ocrx_word' id='word_1_428' title='bbox 788 2557 1002 2602; x_wconf 77' lang='lat' dir='ltr'>inyeniorum</span> <span class='ocrx_word' id='word_1_429' title='bbox 1036 2561 1178 2586; x_wconf 80' lang='lat' dir='ltr'>suorum</span> <span class='ocrx_word' id='word_1_430' title='bbox 1213 2546 1397 2591; x_wconf 74' lang='lat' dir='ltr'>voluptati,</span> <span class='ocrx_word' id='word_1_431' title='bbox 1444 2554 1506 2578; x_wconf 81' lang='lat' dir='ltr'>nec</span> 
     </span>
     <span class='ocr_line' id='line_1_90' title="bbox 56 2604 767 2658; baseline -0.013 -12"><span class='ocrx_word' id='word_1_432' title='bbox 56 2605 195 2658; x_wconf 45' lang='lat' dir='ltr'>hypio</span> <span class='ocrx_word' id='word_1_433' title='bbox 226 2612 341 2654; x_wconf 87' lang='lat' dir='ltr'>poeta</span> <span class='ocrx_word' id='word_1_434' title='bbox 372 2606 480 2641; x_wconf 87' lang='lat' dir='ltr'>simul</span> <span class='ocrx_word' id='word_1_435' title='bbox 511 2605 621 2640; x_wconf 84' lang='lat' dir='ltr'>etiam</span> <span class='ocrx_word' id='word_1_436' title='bbox 646 2604 767 2639; x_wconf 86' lang='lat' dir='ltr'>tenuit</span> 
     </span>
    </p>
   </div>
   <div class='ocr_carea' id='block_1_22' title="bbox 61 2679 767 2808">
    <p class='ocr_par' dir='ltr' id='par_1_24' title="bbox 61 2679 767 2808">
     <span class='ocr_line' id='line_1_91' title="bbox 66 2679 765 2726; baseline -0.011 -7"><span class='ocrx_word' id='word_1_437' title='bbox 66 2691 82 2702; x_wconf 79' lang='grc'><em>”</em></span> <span class='ocrx_word' id='word_1_438' title='bbox 110 2679 160 2726; x_wconf 59' lang='lat' dir='ltr'>{ss-</span> <span class='ocrx_word' id='word_1_439' title='bbox 182 2689 283 2717; x_wconf 79' lang='lat' dir='ltr'>Horati</span> <span class='ocrx_word' id='word_1_440' title='bbox 309 2687 406 2716; x_wconf 83' lang='lat' dir='ltr'>Flacci</span> <span class='ocrx_word' id='word_1_441' title='bbox 428 2687 576 2714; x_wconf 79' lang='lat' dir='ltr'>Carmina.</span> <span class='ocrx_word' id='word_1_442' title='bbox 601 2693 710 2713; x_wconf 80' lang='lat' dir='ltr'>recens.</span> <span class='ocrx_word' id='word_1_443' title='bbox 731 2683 765 2711; x_wconf 88' lang='lat' dir='ltr'>P.</span> 
     </span>
     <span class='ocr_line' id='line_1_92' title="bbox 61 2682 767 2808; baseline -0.013 -54"><span class='ocrx_word' id='word_1_444' title='bbox 61 2682 393 2808; x_wconf 45' lang='lat' dir='ltr'>&amp;nvllzissmnffl</span> <span class='ocrx_word' id='word_1_445' title='bbox 420 2722 556 2754; x_wconf 75' lang='lat' dir='ltr'>Har-lemi,</span> <span class='ocrx_word' id='word_1_446' title='bbox 570 2722 648 2747; x_wconf 82' lang='lat'>1834.</span> <span class='ocrx_word' id='word_1_447' title='bbox 661 2722 686 2747; x_wconf 85' lang='grc'>8.</span> <span class='ocrx_word' id='word_1_448' title='bbox 700 2721 767 2746; x_wconf 76' lang='lat' dir='ltr'>mai.</span> 
     </span>
    </p>
   </div>
   <div class='ocr_carea' id='block_1_23' title="bbox 763 1256 1487 1444">
    <p class='ocr_par' dir='ltr' id='par_1_25' title="bbox 763 1256 1487 1444">
     <span class='ocr_line' id='line_1_93' title="bbox 763 1256 1482 1316; baseline -0.022 -9"><span class='ocrx_word' id='word_1_449' title='bbox 763 1272 836 1306; x_wconf 89' lang='lat' dir='ltr'>imo</span> <span class='ocrx_word' id='word_1_450' title='bbox 850 1269 1010 1316; x_wconf 88' lang='lat' dir='ltr'>plurima</span> <span class='ocrx_word' id='word_1_451' title='bbox 1022 1266 1194 1300; x_wconf 87' lang='lat' dir='ltr'>videntur</span> <span class='ocrx_word' id='word_1_452' title='bbox 1207 1272 1284 1296; x_wconf 90' lang='lat' dir='ltr'>non</span> <span class='ocrx_word' id='word_1_453' title='bbox 1299 1260 1378 1294; x_wconf 85' lang='lat' dir='ltr'>sine</span> <span class='ocrx_word' id='word_1_454' title='bbox 1387 1256 1482 1293; x_wconf 83' lang='lat' dir='ltr'>diffi-</span> 
     </span>
     <span class='ocr_line' id='line_1_94' title="bbox 766 1305 1483 1357; baseline -0.022 -4"><span class='ocrx_word' id='word_1_455' title='bbox 766 1319 905 1352; x_wconf 88' lang='lat' dir='ltr'>cultate</span> <span class='ocrx_word' id='word_1_456' title='bbox 920 1314 1031 1357; x_wconf 86' lang='lat' dir='ltr'>edita,</span> <span class='ocrx_word' id='word_1_457' title='bbox 1041 1316 1083 1346; x_wconf 94' lang='lat' dir='ltr'>ut</span> <span class='ocrx_word' id='word_1_458' title='bbox 1089 1320 1206 1356; x_wconf 86' lang='lat' dir='ltr'>prope</span> <span class='ocrx_word' id='word_1_459' title='bbox 1215 1307 1359 1342; x_wconf 89' lang='lat' dir='ltr'>vultum</span> <span class='ocrx_word' id='word_1_460' title='bbox 1365 1305 1483 1340; x_wconf 88' lang='lat' dir='ltr'>niten-</span> 
     </span>
     <span class='ocr_line' id='line_1_95' title="bbox 766 1348 1485 1398; baseline -0.022 1"><span class='ocrx_word' id='word_1_461' title='bbox 766 1364 813 1398; x_wconf 92' lang='lat' dir='ltr'>tis</span> <span class='ocrx_word' id='word_1_462' title='bbox 832 1362 1008 1397; x_wconf 86' lang='lat' dir='ltr'>referant.</span> <span class='ocrx_word' id='word_1_463' title='bbox 1044 1357 1095 1392; x_wconf 85' lang='lat' dir='ltr'>At</span> <span class='ocrx_word' id='word_1_464' title='bbox 1114 1357 1210 1391; x_wconf 89' lang='lat' dir='ltr'>enim</span> <span class='ocrx_word' id='word_1_465' title='bbox 1229 1363 1318 1388; x_wconf 89' lang='lat' dir='ltr'>vero</span> <span class='ocrx_word' id='word_1_466' title='bbox 1339 1348 1485 1387; x_wconf 82' lang='lat' dir='ltr'>etiamsi</span> 
     </span>
     <span class='ocr_line' id='line_1_96' title="bbox 766 1402 1487 1444; baseline -0.022 1"><span class='ocrx_word' id='word_1_467' title='bbox 766 1411 861 1444; x_wconf 91' lang='lat' dir='ltr'>haec</span> <span class='ocrx_word' id='word_1_468' title='bbox 885 1408 937 1442; x_wconf 86' lang='lat' dir='ltr'>ita</span> <span class='ocrx_word' id='word_1_469' title='bbox 963 1415 1046 1440; x_wconf 88' lang='lat' dir='ltr'>sese</span> <span class='ocrx_word' id='word_1_470' title='bbox 1071 1402 1256 1443; x_wconf 87' lang='lat' dir='ltr'>habeant,</span> <span class='ocrx_word' id='word_1_471' title='bbox 1289 1402 1415 1433; x_wconf 89' lang='lat' dir='ltr'>tamen</span> <span class='ocrx_word' id='word_1_472' title='bbox 1441 1405 1487 1430; x_wconf 89' lang='lat' dir='ltr'>ea</span> 
     </span>
    </p>
   </div>
   <div class='ocr_carea' id='block_1_24' title="bbox 766 1444 1488 1538">
    <p class='ocr_par' dir='ltr' id='par_1_26' title="bbox 766 1444 1488 1538">
     <span class='ocr_line' id='line_1_97' title="bbox 766 1444 1488 1500; baseline -0.022 -9"><span class='ocrx_word' id='word_1_473' title='bbox 766 1454 983 1500; x_wconf 87' lang='lat' dir='ltr'>neutiquam</span> <span class='ocrx_word' id='word_1_474' title='bbox 1003 1451 1055 1485; x_wconf 90' lang='lat' dir='ltr'>ita</span> <span class='ocrx_word' id='word_1_475' title='bbox 1076 1452 1163 1483; x_wconf 88' lang='lat' dir='ltr'>sunt</span> <span class='ocrx_word' id='word_1_476' title='bbox 1183 1447 1418 1490; x_wconf 84' lang='lat' dir='ltr'>comparata,</span> <span class='ocrx_word' id='word_1_477' title='bbox 1444 1444 1488 1475; x_wconf 90' lang='lat' dir='ltr'>ut</span> 
     </span>
     <span class='ocr_line' id='line_1_98' title="bbox 768 1486 1487 1538; baseline -0.024 -1"><span class='ocrx_word' id='word_1_478' title='bbox 768 1506 833 1537; x_wconf 91' lang='lat' dir='ltr'>aut</span> <span class='ocrx_word' id='word_1_479' title='bbox 850 1499 1033 1535; x_wconf 89' lang='lat' dir='ltr'>unitatem</span> <span class='ocrx_word' id='word_1_480' title='bbox 1054 1506 1099 1530; x_wconf 89' lang='lat' dir='ltr'>ac</span> <span class='ocrx_word' id='word_1_481' title='bbox 1118 1492 1395 1538; x_wconf 88' lang='lat' dir='ltr'>simplicitatem</span> <span class='ocrx_word' id='word_1_482' title='bbox 1407 1486 1487 1522; x_wconf 87' lang='lat' dir='ltr'>uni-</span> 
     </span>
    </p>
   </div>
   <div class='ocr_carea' id='block_1_25' title="bbox 1004 1581 1489 1630">
    <p class='ocr_par' dir='ltr' id='par_1_27' title="bbox 1004 1581 1489 1630">
     <span class='ocr_line' id='line_1_99' title="bbox 1004 1581 1489 1630; baseline -0.023 -7"><span class='ocrx_word' id='word_1_483' title='bbox 1004 1589 1150 1623; x_wconf 88' lang='lat' dir='ltr'>ularum</span> <span class='ocrx_word' id='word_1_484' title='bbox 1169 1583 1332 1630; x_wconf 87' lang='lat' dir='ltr'>partium</span> <span class='ocrx_word' id='word_1_485' title='bbox 1344 1581 1489 1615; x_wconf 82' lang='lat' dir='ltr'>iunctu-</span> 
     </span>
    </p>
   </div>
   <div class='ocr_carea' id='block_1_26' title="bbox 771 1676 1491 1730">
    <p class='ocr_par' dir='ltr' id='par_1_28' title="bbox 771 1676 1491 1730">
     <span class='ocr_line' id='line_1_100' title="bbox 771 1676 1491 1730; baseline -0.024 -9"><span class='ocrx_word' id='word_1_486' title='bbox 771 1683 987 1730; x_wconf 89' lang='lat' dir='ltr'>impediant.</span> <span class='ocrx_word' id='word_1_487' title='bbox 1023 1679 1203 1715; x_wconf 90' lang='lat' dir='ltr'>Nimirum</span> <span class='ocrx_word' id='word_1_488' title='bbox 1225 1676 1427 1710; x_wconf 89' lang='lat' dir='ltr'>cernuntur</span> <span class='ocrx_word' id='word_1_489' title='bbox 1446 1682 1491 1706; x_wconf 90' lang='lat' dir='ltr'>ea</span> 
     </span>
    </p>
   </div>
   <div class='ocr_carea' id='block_1_27' title="bbox 774 1811 1494 1910">
    <p class='ocr_par' dir='ltr' id='par_1_29' title="bbox 774 1811 1494 1910">
     <span class='ocr_line' id='line_1_101' title="bbox 774 1811 1493 1867; baseline -0.021 -9"><span class='ocrx_word' id='word_1_490' title='bbox 774 1835 851 1858; x_wconf 88' lang='lat' dir='ltr'>rem</span> <span class='ocrx_word' id='word_1_491' title='bbox 858 1820 999 1867; x_wconf 87' lang='lat' dir='ltr'>ingenii</span> <span class='ocrx_word' id='word_1_492' title='bbox 1012 1820 1190 1863; x_wconf 88' lang='lat' dir='ltr'>impetum</span> <span class='ocrx_word' id='word_1_493' title='bbox 1199 1811 1370 1848; x_wconf 90' lang='lat' dir='ltr'>nonnihil</span> <span class='ocrx_word' id='word_1_494' title='bbox 1378 1813 1493 1845; x_wconf 87' lang='lat' dir='ltr'>retar-</span> 
     </span>
     <span class='ocr_line' id='line_1_102' title="bbox 909 1854 1494 1910; baseline -0.022 -8"><span class='ocrx_word' id='word_1_495' title='bbox 909 1872 1034 1902; x_wconf 89' lang='lat' dir='ltr'>tamen</span> <span class='ocrx_word' id='word_1_496' title='bbox 1048 1861 1245 1910; x_wconf 91' lang='lat' dir='ltr'>quominus</span> <span class='ocrx_word' id='word_1_497' title='bbox 1266 1857 1389 1893; x_wconf 89' lang='lat' dir='ltr'>omnia</span> <span class='ocrx_word' id='word_1_498' title='bbox 1404 1854 1494 1901; x_wconf 87' lang='lat' dir='ltr'>legi-</span> 
     </span>
    </p>
   </div>
   <div class='ocr_carea' id='block_1_28' title="bbox 779 1949 1496 2003">
    <p class='ocr_par' dir='ltr' id='par_1_30' title="bbox 779 1949 1496 2003">
     <span class='ocr_line' id='line_1_103' title="bbox 779 1949 1496 2003; baseline -0.021 -8"><span class='ocrx_word' id='word_1_499' title='bbox 779 1960 856 1995; x_wconf 89' lang='lat' dir='ltr'>diit.</span> <span class='ocrx_word' id='word_1_500' title='bbox 905 1959 962 1994; x_wconf 77' lang='lat' dir='ltr'>Ex</span> <span class='ocrx_word' id='word_1_501' title='bbox 986 1966 1060 2003; x_wconf 90' lang='lat' dir='ltr'>quo</span> <span class='ocrx_word' id='word_1_502' title='bbox 1088 1961 1326 1998; x_wconf 87' lang='lat' dir='ltr'>consequens</span> <span class='ocrx_word' id='word_1_503' title='bbox 1353 1951 1428 1993; x_wconf 89' lang='lat' dir='ltr'>est,</span> <span class='ocrx_word' id='word_1_504' title='bbox 1454 1949 1496 1981; x_wconf 85' lang='lat' dir='ltr'>ut</span> 
     </span>
    </p>
   </div>
   <div class='ocr_carea' id='block_1_29' title="bbox 1094 1996 1495 2039">
    <p class='ocr_par' dir='ltr' id='par_1_31' title="bbox 1094 1996 1495 2039">
     <span class='ocr_line' id='line_1_104' title="bbox 1094 1996 1495 2039; baseline -0.02 -5"><span class='ocrx_word' id='word_1_505' title='bbox 1094 1999 1294 2034; x_wconf 88' lang='lat' dir='ltr'>verborum</span> <span class='ocrx_word' id='word_1_506' title='bbox 1315 1996 1495 2039; x_wconf 88' lang='lat' dir='ltr'>deprava-</span> 
     </span>
    </p>
   </div>
   <div class='ocr_carea' id='block_1_30' title="bbox 782 2083 1501 2235">
    <p class='ocr_par' dir='ltr' id='par_1_32' title="bbox 782 2083 1501 2235">
     <span class='ocr_line' id='line_1_105' title="bbox 1111 2083 1498 2133; baseline -0.018 -9"><span class='ocrx_word' id='word_1_507' title='bbox 1111 2089 1231 2125; x_wconf 87' lang='lat' dir='ltr'>sicubi</span> <span class='ocrx_word' id='word_1_508' title='bbox 1246 2086 1387 2133; x_wconf 87' lang='lat' dir='ltr'>aliquid</span> <span class='ocrx_word' id='word_1_509' title='bbox 1402 2083 1498 2119; x_wconf 82' lang='lat' dir='ltr'>diffi-</span> 
     </span>
     <span class='ocr_line' id='line_1_106' title="bbox 782 2129 1499 2178; baseline -0.02 0"><span class='ocrx_word' id='word_1_510' title='bbox 782 2143 888 2178; x_wconf 88' lang='lat' dir='ltr'>cilius</span> <span class='ocrx_word' id='word_1_511' title='bbox 907 2141 1140 2176; x_wconf 87' lang='lat' dir='ltr'>elaboratum</span> <span class='ocrx_word' id='word_1_512' title='bbox 1158 2134 1356 2170; x_wconf 79' lang='lat' dir='ltr'>videatur.1</span> <span class='ocrx_word' id='word_1_513' title='bbox 1386 2129 1499 2166; x_wconf 90' lang='lat' dir='ltr'>Deni-</span> 
     </span>
     <span class='ocr_line' id='line_1_107' title="bbox 784 2177 1501 2235; baseline -0.02 -11"><span class='ocrx_word' id='word_1_514' title='bbox 784 2200 856 2235; x_wconf 90' lang='lat' dir='ltr'>que</span> <span class='ocrx_word' id='word_1_515' title='bbox 888 2188 1000 2223; x_wconf 89' lang='lat' dir='ltr'>etiam</span> <span class='ocrx_word' id='word_1_516' title='bbox 1029 2185 1101 2219; x_wconf 85' lang='lat' dir='ltr'>hac</span> <span class='ocrx_word' id='word_1_517' title='bbox 1133 2182 1171 2216; x_wconf 91' lang='lat' dir='ltr'>in</span> <span class='ocrx_word' id='word_1_518' title='bbox 1198 2190 1333 2215; x_wconf 88' lang='lat' dir='ltr'>caussa</span> <span class='ocrx_word' id='word_1_519' title='bbox 1358 2177 1416 2213; x_wconf 84' lang='lat' dir='ltr'>fas</span> <span class='ocrx_word' id='word_1_520' title='bbox 1443 2180 1501 2211; x_wconf 90' lang='lat' dir='ltr'>est</span> 
     </span>
    </p>
   </div>
   <div class='ocr_carea' id='block_1_31' title="bbox 784 2268 1502 2418">
    <p class='ocr_par' dir='ltr' id='par_1_33' title="bbox 784 2268 1502 2418">
     <span class='ocr_line' id='line_1_108' title="bbox 1217 2268 1500 2307; baseline -0.018 0"><span class='ocrx_word' id='word_1_521' title='bbox 1217 2271 1397 2307; x_wconf 87' lang='lat' dir='ltr'>Institutt.</span> <span class='ocrx_word' id='word_1_522' title='bbox 1412 2268 1500 2303; x_wconf 85' lang='lat' dir='ltr'>X.1.</span> 
     </span>
     <span class='ocr_line' id='line_1_109' title="bbox 1228 2315 1502 2363; baseline -0.018 -11"><span class='ocrx_word' id='word_1_523' title='bbox 1228 2319 1353 2363; x_wconf 76' lang='lat' dir='ltr'>Neque</span> <span class='ocrx_word' id='word_1_524' title='bbox 1377 2315 1502 2356; x_wconf 75' lang='lat' dir='ltr'>statim,</span> 
     </span>
     <span class='ocr_line' id='line_1_110' title="bbox 784 2361 1502 2418; baseline -0.021 -10"><span class='ocrx_word' id='word_1_525' title='bbox 784 2372 917 2418; x_wconf 84' lang='lat' dir='ltr'>inquit,</span> <span class='ocrx_word' id='word_1_526' title='bbox 939 2369 1063 2415; x_wconf 75' lang='lat' dir='ltr'>leyem‘i</span> <span class='ocrx_word' id='word_1_527' title='bbox 1074 2376 1282 2413; x_wconf 81' lang='lat' dir='ltr'>persuasum</span> <span class='ocrx_word' id='word_1_528' title='bbox 1300 2364 1357 2404; x_wconf 77' lang='lat' dir='ltr'>sit,</span> <span class='ocrx_word' id='word_1_529' title='bbox 1377 2361 1502 2402; x_wconf 82' lang='lat' dir='ltr'>omnia,</span> 
     </span>
    </p>
   </div>
   <div class='ocr_carea' id='block_1_32' title="bbox 790 2620 1014 2630">
    <p class='ocr_par' dir='ltr' id='par_1_34' title="bbox 790 2620 1014 2630">
     <span class='ocr_line' id='line_1_111' title="bbox 790 2620 1014 2630; baseline 0 178"><span class='ocrx_word' id='word_1_530' title='bbox 790 2620 1014 2630; x_wconf 95' lang='lat' dir='ltr'> </span> 
     </span>
    </p>
   </div>
   <div class='ocr_carea' id='block_1_33' title="bbox 791 2638 1507 2750">
    <p class='ocr_par' dir='ltr' id='par_1_35' title="bbox 791 2638 1507 2750">
     <span class='ocr_line' id='line_1_112' title="bbox 825 2638 1507 2677; baseline -0.021 -2"><span class='ocrx_word' id='word_1_531' title='bbox 825 2651 840 2675; x_wconf 93' lang='lat'>1</span> <span class='ocrx_word' id='word_1_532' title='bbox 859 2649 902 2674; x_wconf 82' lang='lat' dir='ltr'>Ea</span> <span class='ocrx_word' id='word_1_533' title='bbox 914 2647 948 2672; x_wconf 85' lang='lat' dir='ltr'>de</span> <span class='ocrx_word' id='word_1_534' title='bbox 960 2653 991 2672; x_wconf 83' lang='lat' dir='ltr'>re</span> <span class='ocrx_word' id='word_1_535' title='bbox 1011 2644 1123 2677; x_wconf 81' lang='lat' dir='ltr'>egregie</span> <span class='ocrx_word' id='word_1_536' title='bbox 1142 2641 1280 2675; x_wconf 79' lang='lat' dir='ltr'>quaedam</span> <span class='ocrx_word' id='word_1_537' title='bbox 1295 2638 1406 2664; x_wconf 78' lang='lat' dir='ltr'>monuit</span> <span class='ocrx_word' id='word_1_538' title='bbox 1417 2638 1507 2663; x_wconf 87' lang='lat' dir='ltr'>Bem-</span> 
     </span>
     <span class='ocr_line' id='line_1_113' title="bbox 791 2670 1506 2715; baseline -0.021 -5"><span class='ocrx_word' id='word_1_539' title='bbox 791 2684 881 2715; x_wconf 78' lang='lat' dir='ltr'>hardy</span> <span class='ocrx_word' id='word_1_540' title='bbox 912 2683 942 2707; x_wconf 88' lang='lat' dir='ltr'>in</span> <span class='ocrx_word' id='word_1_541' title='bbox 973 2687 1093 2707; x_wconf 77' lang='lat' dir='ltr'>censura</span> <span class='ocrx_word' id='word_1_542' title='bbox 1118 2675 1233 2703; x_wconf 76' lang='lat' dir='ltr'>Horatii</span> <span class='ocrx_word' id='word_1_543' title='bbox 1260 2670 1506 2705; x_wconf 61' lang='lat' dir='ltr'>Peerffiampiuni,</span> 
     </span>
     <span class='ocr_line' id='line_1_114' title="bbox 793 2705 1507 2750; baseline -0.021 -6"><span class='ocrx_word' id='word_1_544' title='bbox 793 2725 863 2750; x_wconf 85' lang='lat' dir='ltr'>quae</span> <span class='ocrx_word' id='word_1_545' title='bbox 883 2718 989 2742; x_wconf 84' lang='lat' dir='ltr'>inserta</span> <span class='ocrx_word' id='word_1_546' title='bbox 1008 2716 1051 2739; x_wconf 86' lang='lat' dir='ltr'>est</span> <span class='ocrx_word' id='word_1_547' title='bbox 1069 2713 1172 2738; x_wconf 72' lang='lat' dir='ltr'>diarioz</span> <span class='ocrx_word' id='word_1_548' title='bbox 1197 2710 1305 2736; x_wconf 85' lang='lat' dir='ltr'>Berlin.</span> <span class='ocrx_word' id='word_1_549' title='bbox 1317 2706 1473 2734; x_wconf 74' lang='lat' dir='ltr'>Jahrbiich.</span> <span class='ocrx_word' id='word_1_550' title='bbox 1486 2705 1507 2730; x_wconf 79' lang='lat' dir='ltr'>f.</span> 
     </span>
    </p>
   </div>
   <div class='ocr_carea' id='block_1_34' title="bbox 779 2742 1508 2808">
    <p class='ocr_par' dir='ltr' id='par_1_36' title="bbox 779 2742 1508 2808">
     <span class='ocr_line' id='line_1_115' title="bbox 779 2742 1508 2799; baseline -0.021 -20"><span class='ocrx_word' id='word_1_551' title='bbox 779 2777 782 2781; x_wconf 83' lang='grc'><strong>,</strong></span> <span class='ocrx_word' id='word_1_552' title='bbox 792 2751 959 2779; x_wconf 81' lang='lat' dir='ltr'>wissensch.</span> <span class='ocrx_word' id='word_1_553' title='bbox 967 2749 1063 2776; x_wconf 80' lang='lat' dir='ltr'>Kritik</span> <span class='ocrx_word' id='word_1_554' title='bbox 1075 2754 1102 2773; x_wconf 81' lang='lat' dir='ltr'>a.</span> <span class='ocrx_word' id='word_1_555' title='bbox 1110 2747 1187 2773; x_wconf 79' lang='lat'>1835.</span> <span class='ocrx_word' id='word_1_556' title='bbox 1195 2751 1288 2799; x_wconf 43' lang='lat' dir='ltr'>mene.</span> <span class='ocrx_word' id='word_1_557' title='bbox 1295 2742 1363 2768; x_wconf 79' lang='lat' dir='ltr'>Maii</span> <span class='ocrx_word' id='word_1_558' title='bbox 1370 2749 1398 2767; x_wconf 87' lang='lat' dir='ltr'>n.</span> <span class='ocrx_word' id='word_1_559' title='bbox 1406 2742 1438 2767; x_wconf 84' lang='lat'>91</span> <span class='ocrx_word' id='word_1_560' title='bbox 1446 2746 1508 2773; x_wconf 81' lang='lat' dir='ltr'>sqq.</span> 
     </span>
     <span class='ocr_line' id='line_1_116' title="bbox 1221 2795 1247 2808; baseline 0 0"><span class='ocrx_word' id='word_1_561' title='bbox 1221 2795 1247 2808; x_wconf 72' lang='grc' dir='ltr'>Τὶ</span> 
     </span>
    </p>
   </div>
  </div>
 </body>
</html>
