<?xml version="1.0" encoding="UTF-8"?>
<!DOCTYPE html PUBLIC "-//W3C//DTD XHTML 1.0 Transitional//EN"
    "http://www.w3.org/TR/xhtml1/DTD/xhtml1-transitional.dtd">
<html xmlns="http://www.w3.org/1999/xhtml" xml:lang="en" lang="en">
 <head>
  <title>
</title>
<meta http-equiv="Content-Type" content="text/html;charset=utf-8" />
  <meta name='ocr-system' content='tesseract 3.04.00' />
  <meta name='ocr-capabilities' content='ocr_page ocr_carea ocr_par ocr_line ocrx_word'/>
</head>
<body>
  <div class='ocr_page' id='page_1' title='image "./operaomni00horauoft_0207.png"; bbox 0 0 1500 2820; ppageno 0'>
   <div class='ocr_carea' id='block_1_1' title="bbox 0 0 414 264">
    <p class='ocr_par' dir='ltr' id='par_1_1' title="bbox 0 0 414 264">
     <span class='ocr_line' id='line_1_1' title="bbox 0 0 414 264; baseline 0 2556"><span class='ocrx_word' id='word_1_1' title='bbox 0 0 414 264; x_wconf 95' lang='lat' dir='ltr'><strong> </strong></span> 
     </span>
    </p>
   </div>
   <div class='ocr_carea' id='block_1_2' title="bbox 456 195 1338 251">
    <p class='ocr_par' dir='ltr' id='par_1_2' title="bbox 456 195 1338 251">
     <span class='ocr_line' id='line_1_2' title="bbox 456 195 1338 251; baseline -0.014 0"><span class='ocrx_word' id='word_1_2' title='bbox 456 211 666 251; x_wconf 85' lang='lat' dir='ltr'><strong>EPODON</strong></span> <span class='ocrx_word' id='word_1_3' title='bbox 689 211 854 248; x_wconf 87' lang='lat' dir='ltr'><strong>LIBER.</strong></span> <span class='ocrx_word' id='word_1_4' title='bbox 1256 195 1338 240; x_wconf 82' lang='grc'><strong>117</strong></span> 
     </span>
    </p>
   </div>
   <div class='ocr_carea' id='block_1_3' title="bbox 94 315 1414 949">
    <p class='ocr_par' dir='ltr' id='par_1_3' title="bbox 94 315 1414 949">
     <span class='ocr_line' id='line_1_3' title="bbox 94 315 1409 369; baseline -0.008 -1"><span class='ocrx_word' id='word_1_5' title='bbox 94 338 170 369; x_wconf 85' lang='lat' dir='ltr'><strong>nec</strong></span> <span class='ocrx_word' id='word_1_6' title='bbox 192 321 320 366; x_wconf 82' lang='lat' dir='ltr'><strong>semel</strong></span> <span class='ocrx_word' id='word_1_7' title='bbox 343 321 526 365; x_wconf 85' lang='lat' dir='ltr'><strong>offensae</strong></span> <span class='ocrx_word' id='word_1_8' title='bbox 550 318 669 363; x_wconf 88' lang='lat' dir='ltr'><strong>cedet</strong></span> <span class='ocrx_word' id='word_1_9' title='bbox 692 317 924 362; x_wconf 86' lang='lat' dir='ltr'><strong>constantia</strong></span> <span class='ocrx_word' id='word_1_10' title='bbox 946 315 1117 366; x_wconf 85' lang='lat' dir='ltr'><strong>formae,</strong></span> <span class='ocrx_word' id='word_1_11' title='bbox 1367 326 1409 358; x_wconf 87' lang='lat'><strong>15</strong></span> 
     </span>
     <span class='ocr_line' id='line_1_4' title="bbox 150 382 680 430; baseline -0.011 0"><span class='ocrx_word' id='word_1_12' title='bbox 150 386 187 430; x_wconf 79' lang='lat' dir='ltr'><strong>si</strong></span> <span class='ocrx_word' id='word_1_13' title='bbox 209 391 346 429; x_wconf 86' lang='lat' dir='ltr'><strong>certus</strong></span> <span class='ocrx_word' id='word_1_14' title='bbox 369 383 528 427; x_wconf 87' lang='lat' dir='ltr'><strong>intrarit</strong></span> <span class='ocrx_word' id='word_1_15' title='bbox 551 382 680 426; x_wconf 91' lang='lat' dir='ltr'><strong>dolor.</strong></span> 
     </span>
     <span class='ocr_line' id='line_1_5' title="bbox 95 446 1153 506; baseline -0.009 -11"><span class='ocrx_word' id='word_1_16' title='bbox 95 456 138 495; x_wconf 84' lang='lat' dir='ltr'><strong>at</strong></span> <span class='ocrx_word' id='word_1_17' title='bbox 158 459 222 502; x_wconf 87' lang='lat' dir='ltr'><strong>tu,</strong></span> <span class='ocrx_word' id='word_1_18' title='bbox 247 448 497 506; x_wconf 82' lang='lat' dir='ltr'><strong>quicumque</strong></span> <span class='ocrx_word' id='word_1_19' title='bbox 521 461 566 490; x_wconf 87' lang='lat' dir='ltr'><strong>es</strong></span> <span class='ocrx_word' id='word_1_20' title='bbox 590 446 751 489; x_wconf 86' lang='lat' dir='ltr'>felicior</span> <span class='ocrx_word' id='word_1_21' title='bbox 776 451 901 501; x_wconf 89' lang='lat' dir='ltr'><strong>atque</strong></span> <span class='ocrx_word' id='word_1_22' title='bbox 925 459 1019 487; x_wconf 91' lang='lat' dir='ltr'><strong>meo</strong></span> <span class='ocrx_word' id='word_1_23' title='bbox 1042 457 1153 486; x_wconf 87' lang='lat' dir='ltr'><strong>nunc</strong></span> 
     </span>
     <span class='ocr_line' id='line_1_6' title="bbox 151 509 681 570; baseline -0.009 -14"><span class='ocrx_word' id='word_1_24' title='bbox 151 512 354 570; x_wconf 86' lang='lat' dir='ltr'><strong>superbus</strong></span> <span class='ocrx_word' id='word_1_25' title='bbox 377 510 534 554; x_wconf 82' lang='lat' dir='ltr'><strong>incedis</strong></span> <span class='ocrx_word' id='word_1_26' title='bbox 558 509 681 560; x_wconf 92' lang='lat' dir='ltr'><strong>malo,</strong></span> 
     </span>
     <span class='ocr_line' id='line_1_7' title="bbox 96 570 1023 633; baseline -0.009 -12"><span class='ocrx_word' id='word_1_27' title='bbox 96 576 152 621; x_wconf 88' lang='lat' dir='ltr'><strong>sis</strong></span> <span class='ocrx_word' id='word_1_28' title='bbox 175 590 322 633; x_wconf 90' lang='lat' dir='ltr'><strong>pecore</strong></span> <span class='ocrx_word' id='word_1_29' title='bbox 346 581 387 618; x_wconf 93' lang='lat' dir='ltr'><strong>et</strong></span> <span class='ocrx_word' id='word_1_30' title='bbox 408 573 539 617; x_wconf 92' lang='lat' dir='ltr'><strong>multa</strong></span> <span class='ocrx_word' id='word_1_31' title='bbox 562 573 678 615; x_wconf 85' lang='lat' dir='ltr'><strong>dives</strong></span> <span class='ocrx_word' id='word_1_32' title='bbox 703 572 848 615; x_wconf 91' lang='lat' dir='ltr'><strong>tellure</strong></span> <span class='ocrx_word' id='word_1_33' title='bbox 871 570 1023 622; x_wconf 85' lang='lat' dir='ltr'><strong>licebit,</strong></span> 
     </span>
     <span class='ocr_line' id='line_1_8' title="bbox 152 636 1414 695; baseline -0.009 -12"><span class='ocrx_word' id='word_1_34' title='bbox 152 639 307 695; x_wconf 88' lang='lat' dir='ltr'><strong>tibique</strong></span> <span class='ocrx_word' id='word_1_35' title='bbox 330 637 527 681; x_wconf 80' lang='lat' dir='ltr'><strong>Pactolus</strong></span> <span class='ocrx_word' id='word_1_36' title='bbox 552 636 666 688; x_wconf 88' lang='lat' dir='ltr'><strong>fluat,</strong></span> <span class='ocrx_word' id='word_1_37' title='bbox 1369 641 1414 672; x_wconf 87' lang='lat'><strong>20</strong></span> 
     </span>
     <span class='ocr_line' id='line_1_9' title="bbox 97 697 1035 759; baseline -0.007 -13"><span class='ocrx_word' id='word_1_38' title='bbox 97 717 172 746; x_wconf 84' lang='lat' dir='ltr'><strong>nec</strong></span> <span class='ocrx_word' id='word_1_39' title='bbox 194 708 235 745; x_wconf 92' lang='lat' dir='ltr'><strong>te</strong></span> <span class='ocrx_word' id='word_1_40' title='bbox 258 701 522 759; x_wconf 78' lang='lat' dir='ltr'><strong>Pythagorae</strong></span> <span class='ocrx_word' id='word_1_41' title='bbox 546 699 692 742; x_wconf 87' lang='lat' dir='ltr'><strong>fallant</strong></span> <span class='ocrx_word' id='word_1_42' title='bbox 717 713 867 742; x_wconf 88' lang='lat' dir='ltr'><strong>arcana</strong></span> <span class='ocrx_word' id='word_1_43' title='bbox 890 697 1035 748; x_wconf 91' lang='lat' dir='ltr'><strong>renati,</strong></span> 
     </span>
     <span class='ocr_line' id='line_1_10' title="bbox 150 763 701 821; baseline -0.005 -13"><span class='ocrx_word' id='word_1_44' title='bbox 150 765 366 821; x_wconf 81' lang='lat' dir='ltr'><strong>formaque</strong></span> <span class='ocrx_word' id='word_1_45' title='bbox 389 764 532 807; x_wconf 86' lang='lat' dir='ltr'><strong>vincas</strong></span> <span class='ocrx_word' id='word_1_46' title='bbox 555 763 682 806; x_wconf 88' lang='lat' dir='ltr'><strong>Nirea</strong></span> <span class='ocrx_word' id='word_1_47' title='bbox 689 779 701 814; x_wconf 81' lang='lat'><em>3</em></span> 
     </span>
     <span class='ocr_line' id='line_1_11' title="bbox 97 825 1003 873; baseline -0.007 -1"><span class='ocrx_word' id='word_1_48' title='bbox 97 827 220 873; x_wconf 78' lang='lat' dir='ltr'><strong>eheu!</strong></span> <span class='ocrx_word' id='word_1_49' title='bbox 244 828 464 871; x_wconf 87' lang='lat' dir='ltr'><strong>translatos</strong></span> <span class='ocrx_word' id='word_1_50' title='bbox 488 827 568 870; x_wconf 82' lang='lat' dir='ltr'><strong>alio</strong></span> <span class='ocrx_word' id='word_1_51' title='bbox 592 825 797 870; x_wconf 87' lang='lat' dir='ltr'><strong>maerebis</strong></span> <span class='ocrx_word' id='word_1_52' title='bbox 822 839 1003 868; x_wconf 88' lang='lat' dir='ltr'><strong>amores:</strong></span> 
     </span>
     <span class='ocr_line' id='line_1_12' title="bbox 153 890 692 949; baseline -0.006 -14"><span class='ocrx_word' id='word_1_53' title='bbox 153 898 218 936; x_wconf 88' lang='lat' dir='ltr'><strong>ast</strong></span> <span class='ocrx_word' id='word_1_54' title='bbox 241 906 320 949; x_wconf 87' lang='lat' dir='ltr'><strong>ego</strong></span> <span class='ocrx_word' id='word_1_55' title='bbox 343 890 527 935; x_wconf 87' lang='lat' dir='ltr'><strong>vicissim</strong></span> <span class='ocrx_word' id='word_1_56' title='bbox 550 890 692 933; x_wconf 88' lang='lat' dir='ltr'><strong>risero.</strong></span> 
     </span>
    </p>
   </div>
   <div class='ocr_carea' id='block_1_4' title="bbox 359 1077 974 1214">
    <p class='ocr_par' dir='ltr' id='par_1_4' title="bbox 359 1077 974 1214">
     <span class='ocr_line' id='line_1_13' title="bbox 460 1077 875 1118; baseline -0.007 0"><span class='ocrx_word' id='word_1_57' title='bbox 460 1077 723 1118; x_wconf 83' lang='lat' dir='ltr'>CARMEN</span> <span class='ocrx_word' id='word_1_58' title='bbox 753 1077 875 1116; x_wconf 86' lang='lat' dir='ltr'><strong>XVI.</strong></span> 
     </span>
     <span class='ocr_line' id='line_1_14' title="bbox 359 1179 974 1214; baseline -0.007 0"><span class='ocrx_word' id='word_1_59' title='bbox 359 1180 428 1214; x_wconf 83' lang='lat' dir='ltr'><strong>AD</strong></span> <span class='ocrx_word' id='word_1_60' title='bbox 453 1179 688 1214; x_wconf 82' lang='lat' dir='ltr'>POPULUM</span> <span class='ocrx_word' id='word_1_61' title='bbox 711 1179 974 1212; x_wconf 78' lang='lat' dir='ltr'><strong>ROMANUM.</strong></span> 
     </span>
    </p>
   </div>
   <div class='ocr_carea' id='block_1_5' title="bbox 100 1270 1431 2779">
    <p class='ocr_par' dir='ltr' id='par_1_5' title="bbox 100 1270 1431 2779">
     <span class='ocr_line' id='line_1_15' title="bbox 100 1270 1030 1321; baseline -0.003 -5"><span class='ocrx_word' id='word_1_62' title='bbox 100 1271 245 1316; x_wconf 90' lang='lat' dir='ltr'><strong>Altera</strong></span> <span class='ocrx_word' id='word_1_63' title='bbox 266 1272 351 1315; x_wconf 90' lang='lat' dir='ltr'><strong>iam</strong></span> <span class='ocrx_word' id='word_1_64' title='bbox 375 1272 519 1314; x_wconf 89' lang='lat' dir='ltr'><strong>teritur</strong></span> <span class='ocrx_word' id='word_1_65' title='bbox 542 1270 662 1314; x_wconf 88' lang='lat' dir='ltr'><strong>bellis</strong></span> <span class='ocrx_word' id='word_1_66' title='bbox 687 1270 877 1314; x_wconf 88' lang='lat' dir='ltr'><strong>civilibus</strong></span> <span class='ocrx_word' id='word_1_67' title='bbox 903 1276 1030 1321; x_wconf 90' lang='lat' dir='ltr'><strong>aetas,</strong></span> 
     </span>
     <span class='ocr_line' id='line_1_16' title="bbox 158 1333 894 1391; baseline -0.005 -12"><span class='ocrx_word' id='word_1_68' title='bbox 158 1335 244 1379; x_wconf 89' lang='lat' dir='ltr'><strong>suis</strong></span> <span class='ocrx_word' id='word_1_69' title='bbox 269 1341 311 1378; x_wconf 92' lang='lat' dir='ltr'><strong>et</strong></span> <span class='ocrx_word' id='word_1_70' title='bbox 333 1335 427 1391; x_wconf 88' lang='lat' dir='ltr'><strong>ipsa</strong></span> <span class='ocrx_word' id='word_1_71' title='bbox 449 1334 586 1377; x_wconf 85' lang='lat' dir='ltr'><strong>Roma</strong></span> <span class='ocrx_word' id='word_1_72' title='bbox 608 1333 768 1377; x_wconf 84' lang='lat' dir='ltr'><strong>viribus</strong></span> <span class='ocrx_word' id='word_1_73' title='bbox 793 1334 894 1376; x_wconf 87' lang='lat' dir='ltr'><strong>ruit:</strong></span> 
     </span>
     <span class='ocr_line' id='line_1_17' title="bbox 102 1396 1169 1455; baseline -0.003 -14"><span class='ocrx_word' id='word_1_74' title='bbox 102 1413 226 1455; x_wconf 90' lang='lat' dir='ltr'><strong>quam</strong></span> <span class='ocrx_word' id='word_1_75' title='bbox 248 1413 384 1454; x_wconf 90' lang='lat' dir='ltr'><strong>neque</strong></span> <span class='ocrx_word' id='word_1_76' title='bbox 407 1398 571 1440; x_wconf 90' lang='lat' dir='ltr'><strong>finitimi</strong></span> <span class='ocrx_word' id='word_1_77' title='bbox 594 1397 814 1440; x_wconf 84' lang='lat' dir='ltr'><strong>valuerunt</strong></span> <span class='ocrx_word' id='word_1_78' title='bbox 836 1397 1012 1454; x_wconf 83' lang='lat' dir='ltr'>perdere</span> <span class='ocrx_word' id='word_1_79' title='bbox 1035 1396 1169 1439; x_wconf 85' lang='lat' dir='ltr'><strong>Marsi</strong></span> 
     </span>
     <span class='ocr_line' id='line_1_18' title="bbox 157 1460 1050 1511; baseline -0.002 -7"><span class='ocrx_word' id='word_1_80' title='bbox 157 1461 329 1504; x_wconf 88' lang='lat' dir='ltr'><strong>minacis</strong></span> <span class='ocrx_word' id='word_1_81' title='bbox 354 1467 426 1503; x_wconf 91' lang='lat' dir='ltr'><strong>aut</strong></span> <span class='ocrx_word' id='word_1_82' title='bbox 448 1460 630 1503; x_wconf 87' lang='lat' dir='ltr'><strong>Etrusca</strong></span> <span class='ocrx_word' id='word_1_83' title='bbox 652 1460 864 1503; x_wconf 85' lang='lat' dir='ltr'>Porsenae</span> <span class='ocrx_word' id='word_1_84' title='bbox 888 1475 1050 1511; x_wconf 87' lang='lat' dir='ltr'><strong>manus,</strong></span> 
     </span>
     <span class='ocr_line' id='line_1_19' title="bbox 103 1521 1400 1580; baseline -0.001 -13"><span class='ocrx_word' id='word_1_85' title='bbox 103 1525 265 1568; x_wconf 87' lang='lat' dir='ltr'><strong>aemula</strong></span> <span class='ocrx_word' id='word_1_86' title='bbox 287 1539 364 1567; x_wconf 90' lang='lat' dir='ltr'><strong>nec</strong></span> <span class='ocrx_word' id='word_1_87' title='bbox 389 1524 518 1566; x_wconf 89' lang='lat' dir='ltr'><strong>virtus</strong></span> <span class='ocrx_word' id='word_1_88' title='bbox 546 1522 737 1580; x_wconf 83' lang='lat' dir='ltr'>Capuae,</span> <span class='ocrx_word' id='word_1_89' title='bbox 763 1538 840 1566; x_wconf 91' lang='lat' dir='ltr'><strong>nec</strong></span> <span class='ocrx_word' id='word_1_90' title='bbox 867 1521 1095 1580; x_wconf 81' lang='lat' dir='ltr'><strong>Spartacus</strong></span> <span class='ocrx_word' id='word_1_91' title='bbox 1121 1537 1216 1565; x_wconf 88' lang='lat' dir='ltr'><strong>acer</strong></span> <span class='ocrx_word' id='word_1_92' title='bbox 1379 1534 1400 1566; x_wconf 89' lang='lat'>5</span> 
     </span>
     <span class='ocr_line' id='line_1_20' title="bbox 158 1586 955 1644; baseline -0.001 -14"><span class='ocrx_word' id='word_1_93' title='bbox 158 1588 358 1644; x_wconf 84' lang='lat' dir='ltr'><strong>novisque</strong></span> <span class='ocrx_word' id='word_1_94' title='bbox 382 1587 507 1631; x_wconf 90' lang='lat' dir='ltr'><strong>rebus</strong></span> <span class='ocrx_word' id='word_1_95' title='bbox 531 1587 710 1630; x_wconf 88' lang='lat' dir='ltr'><strong>infidelis</strong></span> <span class='ocrx_word' id='word_1_96' title='bbox 734 1586 955 1638; x_wconf 85' lang='lat' dir='ltr'>Allobrox,</span> 
     </span>
     <span class='ocr_line' id='line_1_21' title="bbox 103 1649 1072 1706; baseline -0.001 -13"><span class='ocrx_word' id='word_1_97' title='bbox 103 1666 179 1694; x_wconf 92' lang='lat' dir='ltr'><strong>nec</strong></span> <span class='ocrx_word' id='word_1_98' title='bbox 202 1651 291 1693; x_wconf 89' lang='lat' dir='ltr'><strong>fera</strong></span> <span class='ocrx_word' id='word_1_99' title='bbox 314 1650 504 1694; x_wconf 78' lang='lat' dir='ltr'><strong>caerulea</strong></span> <span class='ocrx_word' id='word_1_100' title='bbox 527 1651 687 1694; x_wconf 90' lang='lat' dir='ltr'><strong>domuit</strong></span> <span class='ocrx_word' id='word_1_101' title='bbox 712 1649 938 1694; x_wconf 85' lang='lat' dir='ltr'><strong>Germania</strong></span> <span class='ocrx_word' id='word_1_102' title='bbox 961 1649 1072 1706; x_wconf 92' lang='lat' dir='ltr'><strong>pube</strong></span> 
     </span>
     <span class='ocr_line' id='line_1_22' title="bbox 158 1713 1029 1770; baseline -0.001 -14"><span class='ocrx_word' id='word_1_103' title='bbox 158 1713 481 1770; x_wconf 86' lang='lat' dir='ltr'><strong>parentibusque</strong></span> <span class='ocrx_word' id='word_1_104' title='bbox 506 1713 767 1757; x_wconf 87' lang='lat' dir='ltr'><strong>abominatus</strong></span> <span class='ocrx_word' id='word_1_105' title='bbox 793 1713 1029 1764; x_wconf 85' lang='lat' dir='ltr'><strong>Hanniba13</strong></span> 
     </span>
     <span class='ocr_line' id='line_1_23' title="bbox 104 1777 1031 1834; baseline 0 -15"><span class='ocrx_word' id='word_1_106' title='bbox 104 1777 231 1833; x_wconf 86' lang='lat' dir='ltr'><strong>impia</strong></span> <span class='ocrx_word' id='word_1_107' title='bbox 253 1777 475 1834; x_wconf 84' lang='lat' dir='ltr'><strong>perdemus</strong></span> <span class='ocrx_word' id='word_1_108' title='bbox 500 1777 640 1820; x_wconf 85' lang='lat' dir='ltr'><strong>devoti</strong></span> <span class='ocrx_word' id='word_1_109' title='bbox 665 1778 879 1834; x_wconf 86' lang='lat' dir='ltr'><strong>sanguinis</strong></span> <span class='ocrx_word' id='word_1_110' title='bbox 905 1783 1031 1828; x_wconf 88' lang='lat' dir='ltr'><strong>aetas,</strong></span> 
     </span>
     <span class='ocr_line' id='line_1_24' title="bbox 161 1839 1427 1896; baseline 0 -14"><span class='ocrx_word' id='word_1_111' title='bbox 161 1839 342 1895; x_wconf 82' lang='lat' dir='ltr'><strong>ferisque</strong></span> <span class='ocrx_word' id='word_1_112' title='bbox 365 1854 508 1883; x_wconf 88' lang='lat' dir='ltr'><strong>rursus</strong></span> <span class='ocrx_word' id='word_1_113' title='bbox 534 1840 805 1896; x_wconf 86' lang='lat' dir='ltr'><strong>occupabitur</strong></span> <span class='ocrx_word' id='word_1_114' title='bbox 829 1840 975 1883; x_wconf 88' lang='lat' dir='ltr'><strong>solum.</strong></span> <span class='ocrx_word' id='word_1_115' title='bbox 1386 1852 1427 1882; x_wconf 89' lang='lat'><strong>10</strong></span> 
     </span>
     <span class='ocr_line' id='line_1_25' title="bbox 104 1901 1191 1954; baseline -0.001 -9"><span class='ocrx_word' id='word_1_116' title='bbox 104 1901 303 1945; x_wconf 84' lang='lat' dir='ltr'><strong>barbarus</strong></span> <span class='ocrx_word' id='word_1_117' title='bbox 327 1902 411 1945; x_wconf 90' lang='lat' dir='ltr'><strong>heu</strong></span> <span class='ocrx_word' id='word_1_118' title='bbox 435 1902 593 1946; x_wconf 88' lang='lat' dir='ltr'><strong>cineres</strong></span> <span class='ocrx_word' id='word_1_119' title='bbox 616 1903 782 1946; x_wconf 81' lang='lat' dir='ltr'><strong>insistet</strong></span> <span class='ocrx_word' id='word_1_120' title='bbox 805 1903 954 1954; x_wconf 89' lang='lat' dir='ltr'><strong>victor,</strong></span> <span class='ocrx_word' id='word_1_121' title='bbox 981 1908 1022 1945; x_wconf 89' lang='lat' dir='ltr'><strong>et</strong></span> <span class='ocrx_word' id='word_1_122' title='bbox 1044 1901 1191 1945; x_wconf 89' lang='lat' dir='ltr'><strong>urbem</strong></span> 
     </span>
     <span class='ocr_line' id='line_1_26' title="bbox 163 1964 943 2022; baseline 0 -15"><span class='ocrx_word' id='word_1_123' title='bbox 163 1979 290 2020; x_wconf 89' lang='lat' dir='ltr'><strong>eques</strong></span> <span class='ocrx_word' id='word_1_124' title='bbox 315 1971 487 2008; x_wconf 88' lang='lat' dir='ltr'><strong>sonante</strong></span> <span class='ocrx_word' id='word_1_125' title='bbox 510 1964 745 2008; x_wconf 81' lang='lat' dir='ltr'><strong>verberabit</strong></span> <span class='ocrx_word' id='word_1_126' title='bbox 767 1965 925 2022; x_wconf 88' lang='lat' dir='ltr'><strong>ungula</strong></span> <span class='ocrx_word' id='word_1_127' title='bbox 932 1982 943 2017; x_wconf 92' lang='lat'>;</span> 
     </span>
     <span class='ocr_line' id='line_1_27' title="bbox 107 2027 1276 2082; baseline 0.001 -13"><span class='ocrx_word' id='word_1_128' title='bbox 107 2041 295 2082; x_wconf 91' lang='lat' dir='ltr'><strong>quaeque</strong></span> <span class='ocrx_word' id='word_1_129' title='bbox 320 2033 460 2070; x_wconf 86' lang='lat' dir='ltr'><strong>carent</strong></span> <span class='ocrx_word' id='word_1_130' title='bbox 483 2027 617 2070; x_wconf 87' lang='lat' dir='ltr'><strong>ventis</strong></span> <span class='ocrx_word' id='word_1_131' title='bbox 643 2034 683 2070; x_wconf 91' lang='lat' dir='ltr'><strong>et</strong></span> <span class='ocrx_word' id='word_1_132' title='bbox 708 2028 865 2071; x_wconf 87' lang='lat' dir='ltr'><strong>solibus</strong></span> <span class='ocrx_word' id='word_1_133' title='bbox 892 2043 988 2070; x_wconf 88' lang='lat' dir='ltr'><strong>ossa</strong></span> <span class='ocrx_word' id='word_1_134' title='bbox 1014 2027 1196 2082; x_wconf 84' lang='lat' dir='ltr'><strong>Quirini,</strong></span> <span class='ocrx_word' id='word_1_135' title='bbox 1223 2053 1276 2059; x_wconf 91' lang='lat'><strong>-—</strong></span> 
     </span>
     <span class='ocr_line' id='line_1_28' title="bbox 163 2090 999 2147; baseline 0.002 -15"><span class='ocrx_word' id='word_1_136' title='bbox 163 2090 280 2133; x_wconf 87' lang='lat' dir='ltr'><strong>nefas</strong></span> <span class='ocrx_word' id='word_1_137' title='bbox 305 2091 455 2142; x_wconf 90' lang='lat' dir='ltr'><strong>videri,</strong></span> <span class='ocrx_word' id='word_1_138' title='bbox 481 2116 536 2122; x_wconf 94' lang='lat'><strong>--</strong></span> <span class='ocrx_word' id='word_1_139' title='bbox 561 2091 780 2147; x_wconf 89' lang='lat' dir='ltr'><strong>dissipabit</strong></span> <span class='ocrx_word' id='word_1_140' title='bbox 802 2091 999 2134; x_wconf 86' lang='lat' dir='ltr'><strong>insolens.</strong></span> 
     </span>
     <span class='ocr_line' id='line_1_29' title="bbox 106 2152 1429 2210; baseline 0.002 -15"><span class='ocrx_word' id='word_1_141' title='bbox 106 2152 212 2195; x_wconf 84' lang='lat' dir='ltr'><strong>forte</strong></span> <span class='ocrx_word' id='word_1_142' title='bbox 237 2154 338 2208; x_wconf 90' lang='lat' dir='ltr'><strong>quid</strong></span> <span class='ocrx_word' id='word_1_143' title='bbox 361 2154 554 2210; x_wconf 85' lang='lat' dir='ltr'><strong>expediat</strong></span> <span class='ocrx_word' id='word_1_144' title='bbox 578 2155 851 2197; x_wconf 90' lang='lat' dir='ltr'><strong>communiter</strong></span> <span class='ocrx_word' id='word_1_145' title='bbox 874 2161 945 2197; x_wconf 89' lang='lat' dir='ltr'><strong>aut</strong></span> <span class='ocrx_word' id='word_1_146' title='bbox 968 2154 1114 2196; x_wconf 84' lang='lat' dir='ltr'><strong>melior</strong></span> <span class='ocrx_word' id='word_1_147' title='bbox 1136 2169 1232 2210; x_wconf 88' lang='lat' dir='ltr'><strong>pars</strong></span> <span class='ocrx_word' id='word_1_148' title='bbox 1388 2167 1429 2199; x_wconf 88' lang='lat'><strong>15</strong></span> 
     </span>
     <span class='ocr_line' id='line_1_30' title="bbox 164 2216 922 2271; baseline 0.003 -13"><span class='ocrx_word' id='word_1_149' title='bbox 164 2216 284 2259; x_wconf 88' lang='lat' dir='ltr'><strong>malis</strong></span> <span class='ocrx_word' id='word_1_150' title='bbox 310 2231 448 2259; x_wconf 87' lang='lat' dir='ltr'><strong>carere</strong></span> <span class='ocrx_word' id='word_1_151' title='bbox 471 2217 666 2271; x_wconf 88' lang='lat' dir='ltr'><strong>quaeritis</strong></span> <span class='ocrx_word' id='word_1_152' title='bbox 691 2218 922 2270; x_wconf 80' lang='lat' dir='ltr'><strong>laboribus3</strong></span> 
     </span>
     <span class='ocr_line' id='line_1_31' title="bbox 109 2280 1116 2337; baseline 0.001 -15"><span class='ocrx_word' id='word_1_153' title='bbox 109 2280 223 2322; x_wconf 84' lang='lat' dir='ltr'><strong>nulla</strong></span> <span class='ocrx_word' id='word_1_154' title='bbox 247 2281 300 2323; x_wconf 89' lang='lat' dir='ltr'><strong>sit</strong></span> <span class='ocrx_word' id='word_1_155' title='bbox 322 2280 402 2323; x_wconf 89' lang='lat' dir='ltr'><strong>hac</strong></span> <span class='ocrx_word' id='word_1_156' title='bbox 424 2281 559 2337; x_wconf 89' lang='lat' dir='ltr'><strong>potior</strong></span> <span class='ocrx_word' id='word_1_157' title='bbox 583 2283 803 2324; x_wconf 84' lang='lat' dir='ltr'><strong>sententia:</strong></span> <span class='ocrx_word' id='word_1_158' title='bbox 828 2282 1116 2325; x_wconf 85' lang='lat' dir='ltr'><strong>Phocaeorum</strong></span> 
     </span>
     <span class='ocr_line' id='line_1_32' title="bbox 166 2342 893 2401; baseline 0.004 -17"><span class='ocrx_word' id='word_1_159' title='bbox 166 2342 280 2385; x_wconf 88' lang='lat' dir='ltr'><strong>velut</strong></span> <span class='ocrx_word' id='word_1_160' title='bbox 302 2343 488 2401; x_wconf 85' lang='lat' dir='ltr'><strong>profugit</strong></span> <span class='ocrx_word' id='word_1_161' title='bbox 512 2351 725 2388; x_wconf 86' lang='lat' dir='ltr'><strong>exsecrata</strong></span> <span class='ocrx_word' id='word_1_162' title='bbox 749 2345 893 2387; x_wconf 89' lang='lat' dir='ltr'><strong>civitas</strong></span> 
     </span>
     <span class='ocr_line' id='line_1_33' title="bbox 113 2406 1191 2464; baseline 0.001 -17"><span class='ocrx_word' id='word_1_163' title='bbox 113 2420 235 2462; x_wconf 87' lang='lat' dir='ltr'><strong>agros</strong></span> <span class='ocrx_word' id='word_1_164' title='bbox 260 2412 383 2460; x_wconf 85' lang='lat' dir='ltr'><strong>atque</strong></span> <span class='ocrx_word' id='word_1_165' title='bbox 406 2407 540 2450; x_wconf 87' lang='lat' dir='ltr'><strong>Lares</strong></span> <span class='ocrx_word' id='word_1_166' title='bbox 563 2408 736 2464; x_wconf 88' lang='lat' dir='ltr'><strong>patrios,</strong></span> <span class='ocrx_word' id='word_1_167' title='bbox 762 2408 1068 2463; x_wconf 85' lang='lat' dir='ltr'><strong>habitandaque</strong></span> <span class='ocrx_word' id='word_1_168' title='bbox 1093 2406 1191 2449; x_wconf 86' lang='lat' dir='ltr'><strong>fana</strong></span> 
     </span>
     <span class='ocr_line' id='line_1_34' title="bbox 169 2468 1431 2527; baseline 0.003 -17"><span class='ocrx_word' id='word_1_169' title='bbox 169 2468 279 2524; x_wconf 88' lang='lat' dir='ltr'><strong>apris</strong></span> <span class='ocrx_word' id='word_1_170' title='bbox 303 2468 465 2525; x_wconf 89' lang='lat' dir='ltr'><strong>reliquit</strong></span> <span class='ocrx_word' id='word_1_171' title='bbox 489 2476 529 2512; x_wconf 92' lang='lat' dir='ltr'><strong>et</strong></span> <span class='ocrx_word' id='word_1_172' title='bbox 551 2471 770 2527; x_wconf 86' lang='lat' dir='ltr'><strong>rapacibus</strong></span> <span class='ocrx_word' id='word_1_173' title='bbox 794 2471 917 2527; x_wconf 87' lang='lat' dir='ltr'><strong>lupis,</strong></span> <span class='ocrx_word' id='word_1_174' title='bbox 1387 2482 1431 2514; x_wconf 84' lang='lat'><strong>20</strong></span> 
     </span>
     <span class='ocr_line' id='line_1_35' title="bbox 113 2530 1327 2589; baseline 0.002 -17"><span class='ocrx_word' id='word_1_175' title='bbox 113 2530 172 2572; x_wconf 90' lang='lat' dir='ltr'><strong>ire</strong></span> <span class='ocrx_word' id='word_1_176' title='bbox 195 2530 322 2586; x_wconf 89' lang='lat' dir='ltr'><strong>pedes</strong></span> <span class='ocrx_word' id='word_1_177' title='bbox 346 2545 606 2588; x_wconf 91' lang='lat' dir='ltr'><strong>quocumque</strong></span> <span class='ocrx_word' id='word_1_178' title='bbox 630 2533 782 2585; x_wconf 85' lang='lat' dir='ltr'><strong>ferent,</strong></span> <span class='ocrx_word' id='word_1_179' title='bbox 808 2548 1070 2589; x_wconf 88' lang='lat' dir='ltr'><strong>quocumque</strong></span> <span class='ocrx_word' id='word_1_180' title='bbox 1094 2548 1169 2589; x_wconf 87' lang='lat' dir='ltr'><strong>per</strong></span> <span class='ocrx_word' id='word_1_181' title='bbox 1192 2532 1327 2574; x_wconf 89' lang='lat' dir='ltr'><strong>undas</strong></span> 
     </span>
     <span class='ocr_line' id='line_1_36' title="bbox 170 2593 1053 2654; baseline 0.005 -19"><span class='ocrx_word' id='word_1_182' title='bbox 170 2593 304 2636; x_wconf 89' lang='lat' dir='ltr'><strong>Notus</strong></span> <span class='ocrx_word' id='word_1_183' title='bbox 328 2595 508 2646; x_wconf 89' lang='lat' dir='ltr'><strong>vocabit,</strong></span> <span class='ocrx_word' id='word_1_184' title='bbox 534 2603 606 2639; x_wconf 80' lang='lat' dir='ltr'><strong>aut</strong></span> <span class='ocrx_word' id='word_1_185' title='bbox 627 2603 844 2654; x_wconf 88' lang='lat' dir='ltr'><strong>protervus</strong></span> <span class='ocrx_word' id='word_1_186' title='bbox 868 2595 1053 2639; x_wconf 87' lang='lat' dir='ltr'><strong>Africus.</strong></span> 
     </span>
     <span class='ocr_line' id='line_1_37' title="bbox 116 2656 1363 2716; baseline 0.001 -18"><span class='ocrx_word' id='word_1_187' title='bbox 116 2656 176 2699; x_wconf 87' lang='lat' dir='ltr'><strong>sic</strong></span> <span class='ocrx_word' id='word_1_188' title='bbox 197 2657 357 2713; x_wconf 86' lang='lat' dir='ltr'><strong>placet?</strong></span> <span class='ocrx_word' id='word_1_189' title='bbox 379 2673 433 2700; x_wconf 90' lang='lat' dir='ltr'><strong>an</strong></span> <span class='ocrx_word' id='word_1_190' title='bbox 455 2659 602 2702; x_wconf 90' lang='lat' dir='ltr'><strong>melius</strong></span> <span class='ocrx_word' id='word_1_191' title='bbox 627 2661 720 2716; x_wconf 87' lang='lat' dir='ltr'><strong>quis</strong></span> <span class='ocrx_word' id='word_1_192' title='bbox 744 2659 870 2703; x_wconf 87' lang='lat' dir='ltr'><strong>habet</strong></span> <span class='ocrx_word' id='word_1_193' title='bbox 894 2659 1159 2703; x_wconf 87' lang='lat' dir='ltr'><strong>suadere?—</strong></span> <span class='ocrx_word' id='word_1_194' title='bbox 1180 2658 1363 2701; x_wconf 82' lang='lat' dir='ltr'><strong>secunda</strong></span> 
     </span>
     <span class='ocr_line' id='line_1_38' title="bbox 172 2722 1028 2779; baseline 0.004 -17"><span class='ocrx_word' id='word_1_195' title='bbox 172 2725 302 2763; x_wconf 85' lang='lat' dir='ltr'><strong>ratem</strong></span> <span class='ocrx_word' id='word_1_196' title='bbox 326 2735 527 2779; x_wconf 88' lang='lat' dir='ltr'><strong>occupare</strong></span> <span class='ocrx_word' id='word_1_197' title='bbox 551 2723 651 2779; x_wconf 89' lang='lat' dir='ltr'><strong>quid</strong></span> <span class='ocrx_word' id='word_1_198' title='bbox 674 2738 884 2767; x_wconf 88' lang='lat' dir='ltr'><strong>moramur</strong></span> <span class='ocrx_word' id='word_1_199' title='bbox 907 2722 1028 2766; x_wconf 83' lang='lat' dir='ltr'><strong>alite?</strong></span> 
     </span>
    </p>
   </div>
  </div>
 </body>
</html>
