1500 2820
476 207 752 247 CARMINUM
774 206 873 244 LIB.
890 206 960 244 111.
1344 195 1400 240 65

262 331 329 359 me
352 321 471 373 pater
493 314 629 358 saevis
654 320 796 357 oneret
820 313 989 364 eatenis,
1425 323 1469 354 45

261 379 376 435 quod
397 378 487 421 viro
511 377 692 420 clemens
715 378 868 420 misero
891 375 1076 433 peperci;

263 457 331 486 me
354 441 423 485 vel
447 447 652 484 extremos
676 440 951 484 Numidarum
975 439 1019 481 in
1043 453 1167 496 agros

348 505 480 549 classe
503 504 671 562 releget.

261 597 294 648 i,
319 597 447 654 pedes
471 610 554 652 quo
577 601 618 638 te
641 596 807 652 rapiunt
830 601 871 638 et
895 609 1032 646 aurae,

263 661 364 702 dum
386 660 499 702 favet
521 674 605 702 nox
629 665 670 702 et
694 658 860 710 Venus3
884 658 900 700 i
924 657 1107 700 secundo
1428 667 1472 699 50

264 724 419 775 omine,
445 730 485 766 et
507 723 639 766 nostri
662 737 888 765 memorem
914 722 1105 779 sepulcro

350 787 489 844 scalpe
514 786 767 843 querelam.“

520 950 783 991 CARMEN
812 950 918 989 ΧΠ.

479 1048 559 1080 AD
597 1047 964 1081 NEOBULEN.

98 1131 346 1176 Miserarum
370 1139 434 1182 est
456 1147 592 1189 neque
616 1134 747 1176 amori
770 1133 867 1176 dare
891 1133 1037 1176 ludum
1061 1147 1196 1188 neque
1221 1131 1330 1176 dulci

100 1195 208 1239 mala
229 1196 328 1239 vino
351 1195 508 1247 lavere,
535 1202 606 1238 aut
636 1197 881 1247 exanimari,
906 1202 1137 1238 metuentes

179 1265 350 1316 patruae
374 1258 547 1302 verbera
570 1259 749 1317 linguae.

98 1350 172 1393 tibi
194 1350 363 1406 qualum
389 1349 622 1407 Cythereae
646 1366 751 1408 puer
774 1351 880 1403 ales,
906 1351 980 1394 tibi
1005 1351 1108 1394 telas

99 1428 376 1470 operosaeque
399 1413 620 1457 Minervae
646 1414 829 1457 studium
854 1414 1006 1466 aufert,
1032 1413 1233 1465 Neobule,
1437 1424 1457 1455 5

181 1477 379 1534 Liparaei
401 1477 510 1520 nitor
533 1477 680 1521 Hebri.

101 1569 221 1611 simul
244 1575 390 1612 unetos
416 1569 623 1613 Tiberinis
648 1570 844 1613 humeros
867 1570 970 1613 lavit
992 1570 1036 1612 in
1059 1570 1195 1621 undis,

32 1692 35 1693 γ
54 1647 55 1650 ’
98 1645 222 1687 eques
245 1632 338 1689 ipso
361 1633 506 1675 melior
528 1633 867 1690 Bellerophonte,
892 1648 1027 1689 neque
1051 1648 1206 1691 pugno,

30 1706 71 1764 {¹}
181 1710 316 1751 neque
340 1696 460 1754 segni
482 1697 589 1754 pede
613 1697 770 1750 victus3

37 1764 66 1800 ἶ
99 1792 213 1830 catus
237 1786 348 1830 idem
370 1803 446 1844 per
468 1795 658 1845 apertum
681 1789 890 1846 fugientes
916 1790 1071 1847 agitato
1437 1801 1479 1831 ιο

98 1864 224 1907 grege
248 1865 393 1893 cervos
416 1851 586 1894 iaculari
611 1858 651 1894 et
676 1852 785 1895 celer
808 1859 897 1895 arto
921 1852 1150 1895 latitantem

181 1913 372 1956 fruticeto
396 1914 585 1971 excipere
610 1930 769 1972 aprum.

514 2066 777 2106 CARMEN
806 2067 934 2106 XIII.

405 2162 474 2194 AD
500 2162 708 2195 FONTEM
731 2163 1036 2198 BANDUSIAE.

270 2244 310 2288 O
337 2245 439 2289 fons·
457 2246 714 2300 Bandusiae,
741 2249 995 2306 splendidior
1019 2250 1138 2301 vitro,

269 2308 380 2351 dulei
403 2309 527 2366 digne
551 2326 666 2354 mero
690 2327 774 2354 non
798 2313 886 2355 sine
910 2312 1094 2364 floribus,

326 2386 415 2415 eras
440 2373 659 2417 donaberis
688 2375 837 2427 hoedo,

383 2435 449 2477 cui
472 2435 587 2479 frons
612 2438 777 2495 turgida
801 2438 994 2481 cornibus

269 2525 411 2581 primis
436 2534 478 2569 et
501 2543 694 2572 venerem
718 2537 759 2572 et
782 2530 939 2586 proelia
962 2530 1152 2573 destinat.
1432 2545 1451 2575 5

269 2588 440 2641 frustra3
464 2606 560 2633 nam
584 2593 743 2649 gelidos
767 2593 922 2635 inficiet
946 2593 1021 2636 tibi

325 2651 448 2695 rubro
473 2655 674 2711 sanguine
697 2656 809 2698 rivos

26 2752 49 2773 ’,Ι
381 2714 525 2758 lascivi
549 2716 714 2761 suboles
739 2720 892 2776 gregis.

19 2770 73 2820 ἐξ
114 2778 260 2810 Horatius.
1154 2793 1176 2820 5
