1546 2820
108 380 149 411 10

106 719 146 750 15

103 1055 145 1086 20

103 1421 144 1452 25

103 1758 146 1790 30

103 2096 144 2128 35

175 194 228 236 14

601 203 644 246 Q.
663 201 878 239 HORATII
893 202 1075 240 FLAccl

367 307 488 357 eheu,
514 312 689 360 quantus
714 306 828 360 equis
835 338 846 357 ,
873 313 1047 361 quantus
1072 308 1187 350 adest
1209 308 1305 350 viris

367 368 508 410 sudor!
534 374 685 422 quanta
707 382 847 410 moves
871 369 1015 411 funera
1036 369 1257 412 Dardanae

365 429 494 486 genti!
519 430 600 471 iam
623 429 783 485 galeam
805 429 943 472 Pallas
969 437 1009 472 et
1031 431 1176 487 aegida

447 505 668 546 currusque
693 497 733 533 et
754 491 907 534 rabiem
930 499 1057 547 parat.

362 582 635 637 nequidquam
659 582 831 625 Veneris
855 583 1056 638 praesidio
1081 583 1197 625 ferox

365 650 502 699 pectes
529 645 765 695 caesariem,
791 651 986 701 grataque
1009 644 1172 687 feminis

363 705 516 748 imbelli
540 706 693 747 cithara
716 706 895 748 carmina
918 706 1096 758 divides3

447 768 721 822 nequidquam
745 767 921 810 thalamo
945 783 1090 824 graves

363 857 513 912 hastas,
526 862 567 899 et
589 857 734 899 calami
759 857 914 912 spicula
939 857 1082 900 Cnosii

362 918 510 961 vitabis
535 919 827 974 strepitumque
851 925 891 961 et
914 919 1086 961 celerem
1110 921 1226 975 sequi

363 981 553 1022 Aiacem:
579 988 733 1031 tamen,
758 981 856 1022 heul
883 996 996 1022 serus
1021 981 1223 1024 adulteros

448 1043 579 1084 cultus
604 1043 771 1099 pulvere
795 1043 973 1084 collines.

366 1147 448 1174 non
470 1133 736 1183 Laertiaden,
762 1133 929 1174 exitium
953 1139 1046 1175 tuae

363 1194 515 1250 gentis,
540 1209 623 1236 non
645 1194 810 1250 Pylium
833 1194 1007 1236 Nestora
1029 1195 1221 1251 respicis?

364 1262 512 1312 urgent
533 1256 729 1312 impavidi
753 1262 792 1298 te
818 1255 1065 1299 Salaminius

449 1317 624 1368 Teucer,
651 1324 690 1359 te
717 1317 953 1368 Sthenelus,
980 1319 1111 1360 sciens

362 1423 542 1464 pugnae,
570 1408 654 1450 sive
679 1423 781 1463 opus
806 1414 868 1449 est
890 1409 1119 1463 imperitare
1143 1408 1270 1463 equis,

362 1485 444 1511 non
467 1470 608 1525 auriga
630 1470 763 1525 piger3
788 1469 1004 1512 Merionen
1027 1484 1188 1524 quoque

362 1546 519 1574 nosces.
546 1546 640 1573 ecce
663 1531 761 1572 furit
784 1538 823 1573 te
846 1532 1020 1586 reperire
1045 1537 1160 1573 atrox

446 1593 647 1648 Tydides,
673 1592 815 1634 melior
836 1598 969 1648 patre3

364 1698 485 1738 quem
509 1689 553 1724 tu
577 1697 720 1724 cervus
744 1682 803 1723 uti
826 1682 943 1724 vallis
967 1682 1009 1723 in
1034 1682 1158 1724 altera

365 1745 499 1786 visum
521 1750 635 1799 parte
658 1745 801 1799 lupum
824 1744 1019 1800 graminis
1043 1744 1255 1785 immemor

365 1806 528 1849 sublimi
551 1806 685 1862 fugies
710 1806 842 1847 mollis
867 1805 1058 1856 anhelitu,

447 1883 528 1911 non
551 1868 628 1911 hoc
651 1868 854 1924 pollicitus
880 1875 985 1910 tuae.

364 1960 560 2002 iracunda
582 1960 690 2001 diem
713 1959 891 2014 proferet
913 1959 990 2001 Ilio

363 2023 637 2076 matronisque
660 2021 875 2077 Phrygum
899 2022 1041 2063 classis
1065 2020 1259 2070 Achillei3

362 2089 457 2139 post
480 2090 609 2125 certas
634 2083 787 2125 hiemes
811 2089 900 2124 uret
922 2082 1130 2124 Achaicus

446 2146 553 2202 ignis
578 2145 724 2187 Iliacas
749 2145 932 2186 domos.“

639 2293 895 2333 CARMEN
923 2292 1042 2332 XVI.

604 2382 637 2413 A
661 2383 692 2414 D
752 2381 786 2413 A
809 2382 847 2413 M
870 2382 885 2412 1
912 2382 938 2412 c
963 2381 997 2412 A
1021 2382 1076 2412 M.

368 2465 407 2509 O
433 2471 560 2507 matre
583 2465 752 2520 pulchra
774 2464 856 2505 filia
878 2463 1094 2518 pulchrior,

365 2542 487 2582 quem
511 2526 736 2568 criminosis
761 2539 933 2579 cumque
956 2524 1069 2566 voles
1093 2524 1259 2565 modum

418 2604 546 2644 pones
570 2587 734 2637 iambis,
760 2588 845 2630 sive
867 2587 1042 2635 flamma,

477 2651 562 2691 sive
586 2649 687 2691 mari
709 2649 808 2691 libet
830 2648 1054 2689 Hadriano.

1521 2722 1531 2764 mr.
