1500 2820
215 166 269 208 36

153 627 194 658 10

152 964 192 994 15

151 1301 193 1331 20

157 2510 197 2541 10

557 175 600 219 Q.
619 175 831 211 HORATII
847 175 1028 212 FLACCI

413 278 543 320 Tibur
563 276 705 334 Argeo
727 279 905 334 positum
928 279 1071 321 colono

412 341 464 382 sit
486 354 600 381 meae
625 340 742 382 sedes
766 339 919 382 utinam
943 345 1142 391 senectae,

412 402 464 444 sit
486 401 632 443 modus
655 401 764 443 lasso
787 402 910 444 maris
934 407 975 444 et
997 402 1152 444 viarum

493 462 757 517 militiaeque!

410 552 518 594 unde
544 552 578 593 si
600 551 754 593 Pareae
777 551 991 607 prohibent
1012 551 1186 607 iniquae,

412 614 530 655 dulce
552 613 700 668 pellitis
725 612 868 655 ovibus
894 611 1060 655 Galaesi

411 675 561 717 flumen
585 681 625 716 et
647 680 816 730 regnata
837 680 972 730 petam
996 675 1154 716 Laconi

492 751 585 779 rura
608 736 850 778 Phalantho.

413 826 479 868 ille
503 832 697 868 terrarum
721 826 821 867 mihi
843 832 1002 881 praeter
1025 840 1165 868 omnes

411 888 585 944 angulus
609 889 729 938 ridet,
755 888 825 929 ubi
848 903 930 929 non
953 887 1150 944 Hymetto

412 950 532 992 mella
555 950 754 991 decedunt
777 950 975 1004 viridique
999 955 1124 992 certat

496 1011 621 1053 bacca
644 1010 838 1062 Venafro,

412 1117 484 1143 ver
506 1102 576 1144 ubi
599 1102 766 1158 longum
790 1102 1027 1157 tepidasque
1050 1102 1216 1158 praebet

412 1164 595 1218 Iuppiter
619 1163 782 1204 brumas
807 1170 848 1205 et
871 1164 1025 1205 amicus
1049 1163 1188 1206 Aulon

413 1225 534 1266 fertili
557 1225 723 1266 Baccho
748 1225 960 1266 minimum
981 1225 1166 1268 Falernis

493 1287 647 1328 invidet
670 1287 773 1328 uvis.

410 1376 477 1418 ille
501 1382 540 1417 te
563 1390 724 1418 mecum
746 1375 860 1419 loeus
885 1382 924 1417 et
947 1375 1089 1418 beatae

413 1438 619 1493 postulant
642 1452 775 1488 arces3
799 1437 856 1479 ibi
880 1444 924 1478 tu
948 1437 1144 1479 calentem

413 1498 551 1540 debita
573 1514 741 1555 sparges
765 1499 931 1541 lacrima
953 1499 1133 1540 favillam

494 1561 598 1602 vatis
624 1561 755 1603 amici.

689 1709 947 1748 OARMEN
977 1709 1074 1748 VII.

561 1804 628 1836 AD
654 1803 904 1837 POMPEIUM
930 1803 1205 1838 GROSPHUM.

443 1884 483 1928 O
510 1901 631 1942 saepe
654 1900 815 1928 mecum
839 1892 998 1942 tempus
1022 1886 1064 1928 in
1086 1886 1273 1928 ultimum

442 1949 614 1989 deducte
637 1948 766 1990 Bruto
790 1948 955 1989 militiae
979 1948 1094 1998 duee,

496 2010 586 2064 quis
611 2016 650 2051 te
672 2010 882 2051 redonavit
907 2009 1108 2062 Quiritem

551 2072 614 2114 dis
637 2071 777 2126 patriis
802 2071 987 2126 Italoque
1011 2071 1135 2122 caelo,

441 2161 630 2217 Pompei,
655 2176 838 2203 meorum
860 2162 988 2216 prime
1014 2161 1236 2203 sodalium?

442 2238 535 2265 cum
558 2237 638 2276 quo
662 2229 885 2264 morantem
910 2237 1031 2277 saepe
1055 2223 1162 2264 diem
1186 2236 1296 2263 mero

496 2284 618 2339 fregi,
644 2289 856 2325 coronatus
881 2283 1054 2324 nitentes

554 2345 807 2386 malobathro
834 2343 954 2399 Syrio
979 2344 1157 2399 capillos.

442 2443 575 2476 tecum
599 2433 811 2488 Philippos
836 2439 876 2475 et
899 2433 1071 2476 celerem
1094 2433 1234 2488 fugam

445 2496 570 2544 sensi,
595 2495 734 2536 relicta
757 2509 838 2536 non
862 2494 965 2536 bene
988 2494 1184 2549 parmula,

499 2572 623 2611 quum
647 2557 776 2598 fracta
798 2557 943 2606 virtus,
968 2562 1009 2598 et
1030 2556 1208 2597 minaces

555 2626 670 2674 turpe
695 2617 825 2659 solum
849 2618 1017 2673 tetigere
1041 2623 1189 2659 mento.
