1546 2820
458 141 734 179 CARMINUM
757 140 856 176 LIB.
875 140 905 176 1.

221 263 402 305 namque
425 262 492 290 me
518 247 624 290 silva
646 246 772 303 lupus
797 246 840 288 in
867 244 1038 296 Sabina,

222 314 323 357 dum
345 327 481 356 meam
505 317 626 354 canto
650 310 844 367 Lalagen
868 316 909 352 et
932 310 1040 352 ultra

220 377 443 421 terminum
466 374 576 418 curis
600 389 732 430 vagor
757 374 974 430 expeditis,

305 439 415 497 fugit
436 438 636 481 inermem
643 453 655 488 3

221 532 343 588 quale
365 535 601 588 portentum
625 544 761 584 neque
784 529 973 572 militaris

220 595 411 638 Daunias
434 593 528 636 latis
553 593 626 635 alit
649 592 883 643 aesculetis,

221 673 299 702 nec
321 657 452 700 Iubae
476 656 598 699 tellus
623 662 812 713 generat,
838 656 1006 698 leonum

309 721 425 764 arida
446 719 599 762 nutrix·

222 828 330 871 pone
354 827 439 864 me,
464 812 594 869 pigris
613 807 692 854 ‘ubi
716 811 830 853 nulla
856 810 1013 867 campis

221 876 344 919 arbor
366 875 524 919 aestiva
546 881 754 917 recreatur
778 890 890 925 aura,

221 940 334 996 quod
355 939 465 982 latus
490 938 636 980 mundi
659 937 836 980 nebulae
861 937 1079 993 malusque

305 1002 494 1059 Iuppiter
516 1008 656 1059 urget3

221 1109 329 1152 pone
354 1093 432 1137 sub
458 1109 580 1136 curru
603 1094 778 1135 nimium
801 1093 1021 1150 propinqui

222 1158 322 1202 solis
345 1157 388 1200 in
412 1163 521 1200 terra
545 1156 738 1199 domibus
763 1162 934 1213 negata:

221 1221 342 1264 dulce
365 1221 569 1263 ridentem
592 1221 785 1278 Lalagen
810 1219 972 1271 amabo,

306 1284 427 1327 dulce
451 1284 701 1340 loquentem.

450 1458 713 1500 CARMEN
741 1459 911 1498 ΧΧΠΙ.

414 1555 448 1587 A
479 1555 513 1588 D
575 1555 603 1587 c
633 1556 669 1587 H
697 1555 727 1587 L
760 1555 789 1588 ο
821 1556 851 1587 E
884 1555 938 1588 N.

221 1640 342 1683 Vitas
366 1640 562 1683 hinnuleo
586 1654 653 1682 me
679 1639 824 1682 similis
852 1639 984 1683 Chloe

220 1704 433 1759 quaerenti
454 1704 651 1760 pavidam
675 1703 888 1747 montibus
914 1704 1018 1747 aviis

276 1773 450 1810 matrem
473 1783 558 1811 non
583 1768 672 1810 sine
696 1783 805 1811 vano

296 1862 301 1866 -
334 1846 527 1873 aurarum
551 1837 592 1874 et
617 1831 747 1874 siliiae
772 1839 906 1884 metu3

222 1937 318 1964 nam
343 1937 418 1964 seu
440 1922 664 1966 mobilibus
690 1924 799 1966 veris
824 1924 1026 1966 inhorruit

221 1985 423 2027 adventus
447 1985 578 2037 foliis,
605 2001 680 2028 seu
703 1986 857 2029 virides
881 1987 1033 2030 rubum

277 2047 487 2091 dimovere
510 2048 701 2100 lacertae,

334 2116 376 2153 et
399 2111 522 2154 corde
546 2118 588 2154 et
610 2112 788 2169 genibus
813 2113 962 2155 tremit.

221 2202 336 2257 atqui
359 2217 442 2244 non
467 2217 546 2260 ego
571 2210 610 2245 te
635 2203 752 2260 tigris
777 2211 824 2246 ut
848 2219 997 2261 aspera

223 2262 479 2308 Gaetulusve
502 2266 568 2308 leo
591 2266 784 2324 frangere
807 2283 1054 2325 persequor;

278 2329 445 2371 tandem
469 2329 611 2372 desine
635 2333 809 2373 matrem

334 2392 580 2449 tempestiva
605 2395 723 2449 sequi
747 2395 847 2437 viro.

1079 2730 1134 2768 2*

1308 129 1364 172 19

1388 318 1431 351 10

1392 668 1432 699 15

1389 1013 1433 1046 20

1389 2282 1431 2313 10
