1500 2820
192 175 279 226 1230⁴
626 184 668 226 Q.
685 184 895 220 HORATII
910 182 1093 223 FLAeel

189 286 384 342 neglectis
409 287 562 328 urenda
584 286 669 327 filix
691 287 912 328 innascitur
935 288 1056 343 agris.

189 349 285 390 illuc
307 354 623 403 praevertamur.
649 355 869 390 amatorem
892 350 1002 404 quod
1025 349 1178 392 amic-ae

188 412 319 466 turpia
343 411 547 466 decipiunt
571 425 736 452 caecum
759 411 873 461 vitia,
900 418 969 452 aut
993 412 1112 453 etiam
1136 413 1227 467 ipsa
1249 412 1349 455 haec

121 485 164 516 40
188 473 408 521 delectant,
434 472 559 513 veluti
582 472 801 514 Balbinum
823 473 997 528 polypus
1021 473 1197 530 Hagnae
1205 491 1217 524 3

187 535 334 575 vellem
358 535 400 575 in
423 534 599 575 amicitia
623 534 682 576 sic
706 549 928 576 erraremus
954 542 994 576 et
1016 535 1085 577 isti

189 597 313 638 errori
336 610 484 637 nomen
509 596 636 637 virtus
660 597 864 651 posuisset
888 596 1115 639 honestum.

187 673 212 699 a
250 664 366 712 pater
387 664 433 699 ut
455 658 586 713 gnati,
613 658 671 699 sic
694 673 768 699 nos
794 658 990 700 debemus
1015 659 1135 700 amici

208 720 223 761 i
246 720 356 780 quod
381 720 431 761 sit
455 720 599 760 vitium
621 735 703 761 non
726 719 921 762 fastidire.
948 719 1180 762 strabonem

120 794 162 825 45
187 781 364 836 appellat
387 787 551 836 paetum
574 788 707 836 pater,
733 788 773 822 et
795 782 969 836 pullum,
994 782 1100 824 male
1123 797 1273 838 parvus

188 843 222 884 si
247 843 312 883 cui
335 843 442 884 filius
468 850 547 892 est,
573 849 618 884 ut
642 842 849 884 abortivus
874 843 950 884 fuit
974 844 1070 885 olim

189 902 411 958 Sisyphus3
436 904 544 945 hunc
568 919 712 946 varum
735 905 915 946 distortis
943 905 1144 956 cruribus,
1170 906 1283 948 illum

185 965 359 1007 balbutit
382 980 588 1015 scaurum,
612 965 748 1020 pravis
774 966 921 1007 fultum
945 967 1050 1008 male
1075 967 1178 1010 talis.

184 1027 345 1082 parcius
370 1027 436 1068 hic
459 1027 577 1068 vivit:
603 1028 712 1082 frugi
736 1027 904 1069 dicatur.
929 1028 1090 1083 ineptus

120 1103 162 1133 50
186 1095 226 1129 et
248 1088 460 1129 iactantior
482 1088 548 1129 hie
571 1089 708 1143 paullo
733 1095 812 1130 est:
838 1089 1059 1131 concinnus
1083 1091 1223 1134 amicis

184 1150 365 1205 postulat
387 1156 432 1191 ut
457 1150 652 1192 videatur.
678 1158 719 1192 at
743 1157 806 1192 est
829 1151 1092 1194 truculentior
1114 1158 1235 1206 atque

185 1211 278 1267 plus
303 1226 433 1265 aequo
457 1212 576 1254 liber:
603 1212 775 1267 simplex
798 1213 996 1267 fortisque
1020 1213 1228 1256 habeatur.

187 1273 340 1314 caldior
363 1281 442 1315 est:
467 1288 580 1315 acres
605 1274 709 1315 inter
731 1281 975 1316 numeretur.
1001 1275 1154 1330 opinor,

186 1335 288 1376 haec
310 1349 375 1376 res
401 1341 441 1376 et
463 1335 595 1390 iungit
618 1335 777 1377 iunctos
803 1343 842 1377 et
867 1343 1001 1378 servat
1025 1337 1189 1380 amicos.

122 1387 235 1512 πῇ
251 1410 326 1437 nos
350 1396 519 1438 virtutes
545 1397 656 1452 ipsas
680 1397 918 1439 invertimus
943 1404 1064 1452 atque

187 1458 391 1499 sincerum
415 1458 601 1513 cupimus
625 1474 698 1500 vas
722 1442 970 1530 incmstarg?
982 1459 1134 1514 probus
1158 1461 1250 1514 quis

186 1519 403 1561 nobiscum
425 1520 544 1570 vivit,
570 1520 743 1561 multum
767 1526 830 1562 est
853 1521 1055 1563 demlssus
1080 1522 1220 1564 homo:
1243 1523 1302 1564 illi

186 1581 301 1623 tardo
326 1595 573 1637 cognomen,
598 1582 758 1637 pingui,
785 1583 943 1624 damus.
967 1583 1034 1624 hic
1058 1583 1164 1638 fugit
1187 1598 1327 1626 omnes

186 1643 354 1685 insidias
378 1643 558 1696 nullique
583 1643 690 1684 malo
713 1643 820 1685 latus
846 1644 958 1686 obdit
981 1652 1177 1699 apertum,

121 1717 162 1748 60
186 1719 313 1758 quum
336 1719 467 1760 genus
491 1704 570 1746 1100
592 1705 696 1746 inter
719 1706 825 1747 vitae
849 1715 1050 1757 versetur,
1075 1707 1146 1748 ubi
1168 1707 1273 1750 aeris

186 1765 339 1807 invidia
363 1772 484 1819 atque
508 1766 649 1822 vigent
671 1766 743 1808 ubi
766 1767 952 1808 crimina:
975 1782 1049 1823 pro
1072 1767 1177 1810 bene
1201 1783 1300 1811 sano

187 1842 235 1869 ac
258 1843 342 1869 non
364 1827 528 1870 incauto
551 1828 691 1870 fictum
716 1835 976 1883 astutumque
999 1844 1204 1872 vocamus.

187 1889 407 1944 simplicior
430 1890 520 1943 quis
546 1896 584 1931 et
609 1896 670 1931 est
693 1915 748 1920 —
771 1891 932 1944 qualem
956 1906 1022 1932 me
1047 1907 1168 1947 saepe
1190 1891 1362 1935 libenter

185 1950 401 1993 obtulerim
426 1951 516 2001 tibi,
542 1951 783 2003 Maecenas,
808 1978 863 1983 -
886 1959 931 1994 ut
954 1954 1058 1995 forte
1081 1954 1284 2010 legentem

121 2026 161 2057 65
186 2019 256 2054 aut
278 2013 445 2054 tacitum
468 2014 649 2068 impellat
672 2015 817 2068 quovis
843 2030 1028 2056 sermone
1051 2016 1266 2058 molestusz

188 2075 394 2117 communi
417 2090 540 2117 sensu
563 2076 683 2131 plane
708 2083 835 2126 caret,
860 2077 1078 2130 inquimus.
1105 2077 1220 2128 eheu,

185 2151 308 2191 quam
331 2144 481 2178 temere
505 2137 546 2178 in
569 2145 728 2179 nosmet
751 2138 885 2194 legem
910 2139 1114 2181 sancimus
1138 2139 1337 2193 iniquam!

185 2213 279 2239 nam
304 2198 411 2239 vitiis
436 2213 555 2239 nemo
580 2200 666 2240 sine
691 2200 887 2250 nascitur3
913 2201 1088 2254 optimus
1111 2200 1179 2242 ille
1203 2207 1277 2251 est,

186 2259 255 2314 qui
278 2260 454 2301 minimis
479 2266 655 2313 urgetur.
682 2261 836 2303 amicus
860 2261 1010 2311 dulcis,
1034 2267 1080 2302 ut
1102 2257 1277 2316 aequum
1301 2268 1392 2312 est,.

121 2335 162 2365 70
186 2335 311 2375 quum
334 2336 427 2363 mea
450 2328 684 2377 compenset
708 2323 815 2364 vitiis
839 2322 965 2372 bona,
989 2323 1172 2378 pluribus
1195 2323 1320 2374 hisce,

187 2383 222 2424 si
245 2383 365 2424 modo
388 2383 627 2440 plura‘mihi
650 2383 758 2425 bona
782 2391 893 2434 sunt,
918 2383 1094 2425 inclinet.
1119 2384 1246 2426 amari

189 2445 224 2486 si
246 2445 354 2486 volet
377 2445 454 2487 hac
478 2437 586 2501 lege,
612 2446 655 2486 in
678 2446 827 2487 trutina
848 2454 1021 2501 ponetur
1044 2446 1199 2487 eadem.

187 2506 256 2560 qui
279 2520 330 2548 ne
353 2506 562 2548 tuberibus
587 2507 759 2562 propriis
783 2507 963 2548 offendat
985 2508 1163 2549 amicum

187 2568 382 2623 postulat,
407 2569 590 2624 ignoscet
614 2569 793 2610 verrucis
817 2570 944 2611 illius:
968 2584 1144 2624 aequum
1167 2575 1229 2612 est

123 2643 163 2674 75
187 2631 363 2685 peccatis
388 2631 547 2672 veniam
571 2638 807 2686 poscentem
829 2632 998 2673 reddere
1021 2645 1174 2673 rursus.

1480 942 1500 1026 3

1479 1354 1500 1452 ι-Ὓ-ιῃ
1484 1301 1500 1331 ⁶2:
1480 1246 1500 1278 *fii
1482 1096 1500 1219 „ami-»-

1488 1471 1500 1513 pa>
