1500 2820
259 201 340 245 104

185 573 227 604 30

178 1747 216 1777 10

174 2057 210 2087 15

171 2365 212 2394 20

169 2671 210 2702 25

684 213 727 255 Q.
745 211 961 249 HORATII
975 212 1159 251 FLAOGI

422 320 554 357 aratra
575 315 754 358 nitantur
776 331 879 367 mea,

363 390 541 432 pecusve
566 376 752 420 Calabris
776 385 870 420 ante
895 378 1007 421 sidus
1031 378 1233 422 fervidum

420 437 594 480 Lucana
616 445 744 481 mutet
766 440 944 495 pascuis,

362 513 493 553 neque
516 506 562 541 ut
585 501 749 556 superni
770 501 867 543 villa
890 502 1068 544 candens
1093 502 1262 546 Tusculi

418 560 588 603 Circaea
611 568 752 618 tangat
773 563 944 605 moenia.

360 622 458 664 satis
483 637 684 678 superque
707 638 772 666 me
794 623 1023 681 benignitas
1048 632 1118 667 tua

415 684 575 726 ditavit:
601 684 710 726 haud
732 700 928 741 paravero

359 746 467 799 quod
491 752 561 787 aut
585 762 730 789 avarus
754 754 800 789 ut
824 747 1022 791 Chremes
1046 755 1151 792 terra
1173 764 1366 806 premam,

415 807 634 850 discinctus
658 816 728 851 aut
750 810 918 865 perdam
941 825 1081 866 nepos.

742 991 999 1032 CARMEN
1026 994 1084 1032 H.

785 1087 1037 1120 ALFIUS.

356 1177 509 1220 Beatus
532 1178 618 1229 ille,
645 1179 715 1233 qui
738 1180 879 1236 procul
903 1181 1088 1237 negotiis,

410 1246 455 1280 ut
477 1240 612 1295 prisca
634 1256 736 1297 gens
760 1242 1002 1293 mortalium,

354 1309 524 1357 paterna
545 1317 641 1344 rura
663 1302 795 1346 bobus
821 1312 981 1347 exercet
1005 1305 1089 1347 suis

412 1363 569 1405 solutus
593 1365 704 1406 omni
726 1365 884 1408 fenore:

354 1439 484 1479 neque
509 1426 706 1468 excitatur
728 1427 898 1470 classico
922 1429 1038 1471 miles
1062 1430 1176 1481 truci,

408 1502 540 1541 neque
563 1487 699 1530 horret
721 1489 869 1531 iratum
891 1506 1022 1541 mare3

354 1548 568 1603 forumque
591 1550 692 1591 vitat
716 1557 755 1592 et
779 1551 955 1606 superba
978 1553 1127 1595 civium

408 1611 678 1666 potentiorum
702 1612 854 1655 limina.

353 1687 450 1728 ergo
475 1680 543 1714 aut
567 1674 705 1716 adulta
727 1675 871 1716 vitium
894 1677 1116 1732 propagine

407 1734 508 1776 altas
533 1736 693 1778 maritat
715 1737 888 1792 populos

350 1804 420 1838 aut
442 1798 485 1838 in
507 1799 673 1841 reducta
696 1799 801 1841 valle
824 1801 1092 1856 mugientium

407 1867 640 1915 prospectat
663 1868 841 1903 errantes
865 1877 1025 1918 greges,

350 1921 593 1976 inutilesque
616 1922 721 1964 falce
744 1939 878 1966 ramos
903 1931 1118 1980 amputans

406 1983 607 2026 feliciores
632 1985 784 2035 inserit,

349 2050 420 2085 aut
443 2059 585 2100 pressa
607 2047 719 2102 puris
744 2048 866 2090 mella
889 2049 1025 2090 condit
1048 2049 1266 2104 amphoris,

404 2113 472 2148 aut
497 2108 636 2149 tondet
658 2109 838 2151 infirmas
863 2125 980 2161 oves3

348 2167 413 2208 vel
437 2182 529 2210 cum
554 2170 748 2212 decorum
771 2171 938 2214 mitibus
962 2172 1093 2227 pomis
1118 2178 1239 2228 caput

403 2237 621 2273 autumnus
646 2233 753 2274 arvis
779 2234 933 2284 extulit,

348 2298 392 2332 ut
416 2293 567 2348 gaudet
590 2293 754 2335 insitiva
778 2295 998 2351 decerpens
1022 2296 1110 2351 pira

403 2362 623 2396 certantem
647 2362 686 2397 et
710 2371 832 2398 uvam
855 2372 1070 2412 purpurae,

346 2430 428 2469 qua
450 2424 682 2459 muneretur
705 2423 761 2466 te,
786 2418 953 2473 Priape,
979 2426 1019 2461 et
1042 2425 1099 2469 te,
1124 2425 1238 2474 pater

404 2475 588 2528 Silvane,
615 2485 723 2520 tutor
745 2479 898 2521 finium.

347 2537 445 2580 libet
467 2539 597 2581 iacere
621 2541 743 2583 modo
768 2540 843 2583 sub
867 2542 1032 2595 antiqua
1055 2542 1158 2593 ilice,

402 2601 521 2642 modo
545 2601 588 2642 in
611 2603 742 2644 tenaci
765 2603 958 2658 gramine.

344 2662 535 2704 labuntur
558 2663 649 2706 altis
674 2664 832 2706 interim
855 2665 952 2720 ripis
977 2680 1118 2720 aquae,
