1500 2820
171 184 252 227 162
590 192 633 235 Q.
657 190 869 227 HORATII
890 189 1071 228 FLAOOI

167 295 458 352 unguentarius
483 309 531 336 ac
555 294 683 336 Tusci
705 294 824 336 turba
846 294 971 350 impia
994 294 1085 344 vici,

167 371 261 399 cum
285 357 432 399 scurris
455 356 593 407 fartor,
618 371 712 398 cum
734 355 911 398 Velabro
935 370 1054 398 omne
1076 356 1292 398 macellum

78 431 142 463 230
165 435 284 462 mane
307 421 474 462 domum
497 420 672 461 veniant.
709 419 807 473 quid
830 418 941 460 tum?
974 433 1122 460 venere
1145 418 1388 474 frequentes,

164 482 289 524 verba
312 482 409 523 facit
431 482 540 523 leno:
571 481 768 535 quidquid
790 480 902 530 mihi,
927 480 1124 534 quidquid
1147 487 1187 522 et
1208 481 1352 524 horum

164 543 309 597 cuique
333 543 444 584 domi
467 549 541 593 est,
565 543 608 584 id
632 543 749 584 crede
773 548 900 591 tuum,
926 548 966 583 et
988 541 1054 583 vel
1077 557 1184 584 nunc
1199 549 1291 598 pete
1309 543 1374 586 vel
1391 559 1485 588 cras.

163 605 313 660 accipe,
339 605 437 658 quid
462 612 600 646 contra
623 604 780 646 iuvenis
804 604 1055 658 responderit
1078 618 1251 658 aequus:

162 667 205 708 in
227 667 320 709 nive
343 668 516 708 Lucana
539 667 690 709 dormis
715 673 912 716 ocreatus,
938 673 982 707 ut
1005 681 1148 721 aprum

73 739 138 771 235
162 743 329 770 coenem
353 743 447 784 ego:
479 735 523 769 tu
546 728 680 782 pisces
704 727 873 769 hiberno
898 742 949 768 ex
973 742 1148 782 aequore
1172 728 1311 771 verris.

163 790 298 846 segnis
324 805 401 845 ego
424 790 615 845 indignus
639 789 709 843 qui
732 795 888 831 tantum
910 789 1162 844 possideam:
1193 789 1325 832 auferl

162 866 276 893 sume
301 851 373 892 tibi
397 851 550 901 decies3
575 850 648 892 tibi
671 850 942 901 tantumdem3
967 850 1041 892 tibi
1064 851 1221 906 triplex,

160 913 268 954 unde
292 927 394 954 uxor
417 912 551 953 media
574 913 696 953 currit
719 913 769 953 de
793 918 910 954 nocte
933 918 1089 954 vocata.

159 974 267 1015 filius
291 974 450 1029 Aesopi
473 974 693 1015 detractam
718 988 768 1015 ex
792 988 888 1014 aure
911 972 1116 1023 Metellae,

71 1049 136 1081 240
161 1036 315 1078 scilicet
337 1043 382 1076 ut
405 1036 540 1077 decies
566 1035 740 1077 solidum
765 1034 1012 1085 absorberet,
1037 1043 1151 1077 aceto

160 1098 276 1139 diluit
299 1098 502 1153 insignem
524 1097 686 1139 bacam:
718 1097 788 1151 qui
812 1097 957 1146 sanior,
983 1111 1031 1138 ac
1055 1097 1091 1138 si

158 1160 260 1201 illud
282 1159 390 1200 idem
414 1160 457 1200 in
479 1159 666 1214 rapidum
689 1159 841 1200 flumen
863 1159 1062 1200 iaceretve
1086 1158 1290 1201 cloacam?

161 1221 304 1275 Quinti
326 1221 542 1276 progenies
566 1220 676 1270 Arri,
701 1235 775 1275 par
797 1219 932 1261 nobile
955 1219 1138 1270 fratrum,

159 1283 339 1337 nequitia
363 1290 402 1324 et
425 1283 560 1338 nugis,
585 1296 803 1337 pravorum
827 1288 867 1323 et
890 1296 1026 1323 amore
1049 1281 1281 1338 gemellum,

71 1359 135 1391 245
159 1345 352 1386 luscinias
378 1344 485 1386 soliti
507 1344 693 1399 impenso
717 1343 915 1399 prandere
940 1350 1131 1386 coemtas.

159 1421 355 1462 quorsum
379 1406 550 1448 abeant?
585 1406 672 1448 sani
695 1412 741 1446 ut
765 1411 874 1447 creta
897 1421 950 1446 an
973 1405 1147 1447 carbone
1170 1406 1361 1448 notandi?

159 1468 371 1510 aedificare
396 1482 525 1518 casas,
549 1466 737 1522 plostello
762 1467 982 1522 adiungere
1005 1481 1154 1517 mures,

158 1530 297 1572 ludere
320 1545 395 1585 par
417 1530 560 1584 impar,
587 1529 767 1583 equitare
790 1529 833 1570 in
856 1529 1050 1570 arundine
1074 1529 1210 1585 longa,

159 1593 194 1634 si
217 1607 339 1646 quem
363 1591 535 1633 delectet
558 1590 784 1640 barbatum,
810 1591 986 1632 amentia
1009 1597 1154 1632 verset.

70 1668 135 1698 250
159 1654 194 1696 si
216 1653 411 1710 puerilius
434 1653 498 1694 his
522 1653 624 1694 ratio
648 1667 739 1695 esse
763 1652 921 1694 evincet
945 1667 1092 1702 amare,

157 1730 233 1757 nec
257 1715 479 1770 quidquam
504 1715 678 1764 differre,
703 1720 890 1755 utrumne
914 1714 957 1754 in
978 1714 1159 1768 pulvere,
1183 1713 1326 1755 trimus

158 1777 277 1831 quale
300 1777 425 1831 prius,
450 1775 568 1818 ludas
594 1791 710 1831 opus,
735 1791 789 1817 an
811 1775 1032 1817 meretricis
1057 1789 1194 1816 amore

159 1838 354 1880 sollicitus
378 1838 534 1893 plores3
565 1852 727 1892 quaero,
753 1837 934 1878 faciasne
958 1837 1069 1890 quod
1091 1837 1188 1878 olim

157 1907 336 1942 mutatus
360 1900 554 1942 Polemo?
581 1915 710 1954 ponas
734 1899 911 1955 insignia
933 1898 1075 1948 morbi,

69 1977 133 2008 255
157 1962 362 2012 fasciolas,
389 1962 552 2011 cubital,
579 1962 739 2011 focalia,
764 1968 884 2016 potus
909 1967 954 2002 ut
976 1960 1043 2002 ille

157 2025 303 2067 dicitur
327 2039 378 2066 ex
402 2024 506 2066 collo
530 2024 671 2065 furtim
695 2023 897 2078 carpsisse
921 2037 1102 2072 coronas,

156 2094 373 2143 postquam
398 2095 459 2127 est
481 2086 679 2141 impransi
702 2091 910 2140 correptus
933 2099 1034 2126 voce
1057 2083 1267 2140 magistri?

156 2149 329 2204 porrigis
352 2148 455 2190 irato
477 2163 604 2203 puero
629 2163 755 2202 quum
778 2162 912 2203 poma,
936 2152 1114 2188 recusat:

158 2226 284 2261 sume,
311 2210 471 2261 catelle3
501 2216 641 2266 negat:
674 2211 708 2251 si
731 2224 814 2251 non
837 2209 922 2259 des,
947 2214 1076 2264 optet:
1107 2213 1263 2249 amator

70 2286 133 2317 260
158 2273 347 2314 exclusus
372 2273 442 2326 qui
466 2272 601 2322 distat,
627 2272 712 2327 agit
734 2271 806 2313 ubi
830 2285 981 2321 secum,
1007 2276 1073 2312 eat
1095 2284 1149 2311 an
1170 2283 1264 2319 non,

158 2349 238 2389 quo
261 2334 463 2376 rediturus
489 2340 575 2376 erat
597 2348 681 2375 non
704 2333 934 2382 arcessitus,
961 2338 1001 2373 et
1023 2331 1162 2373 haeret

157 2397 298 2438 invisis
322 2395 505 2438 foribus?
534 2410 586 2438 ne
610 2410 731 2444 nunc,
756 2409 883 2449 quum
906 2409 972 2436 me
995 2400 1115 2436 vocat
1137 2392 1254 2442 ultro,

159 2458 374 2500 accedam?
403 2473 455 2499 an
478 2458 613 2512 potius
637 2457 808 2498 mediter
830 2456 945 2497 finire
969 2454 1155 2497 dolores?

159 2521 348 2570 exclusit3
377 2527 558 2561 revocat:
583 2518 771 2561 redeam?
799 2534 893 2568 non,
919 2518 953 2560 si
977 2517 1173 2560 obsecret.
1204 2529 1298 2558 ecce

71 2596 135 2627 265
160 2597 301 2624 servus
324 2596 406 2623 non
429 2581 567 2637 paullo
593 2580 828 2636 sapientior:
860 2595 884 2621 o
907 2579 1014 2629 here,
1040 2593 1144 2632 quae
1167 2591 1232 2619 res

159 2659 234 2687 nec
258 2644 424 2686 modum
447 2643 571 2685 habet
593 2657 725 2697 neque
749 2642 976 2692 consilium,
1001 2640 1155 2682 ratione
1178 2637 1381 2692 modoque
