1546 2820
138 1148 180 1179 10

138 1487 178 1517 15

133 1821 177 1852 20

206 151 262 196 20

642 161 686 207 Q,
704 161 919 198 ΗΟΒΑΤΠ
934 161 1114 200 FLAOCI

653 346 906 386 CARMEN
934 348 1095 387 XXIV.

529 441 595 472 AD
620 441 662 472 P.
688 440 946 474 vmfflLmM
968 422 1223 475 MARONE'M.

403 522 507 576 Quis
532 524 732 565 desiderio
757 523 808 565 sit
830 524 962 579 pudor
985 529 1056 566 aut
1078 524 1223 567 modus

401 596 483 626 tam
507 585 589 626 cari
613 585 779 639 capitis?
801 586 989 641 praecipe
1011 585 1206 641 lugubres

400 653 561 697 cantus,
586 646 865 702 Melpomene,
891 647 957 688 cui
979 647 1175 702 liquidam
1196 654 1310 704 pater

483 723 623 749 vocem
648 723 741 749 cum
765 708 918 750 cithara
940 709 1061 750 dedit.

399 812 495 852 ergo
521 797 786 850 Quinctilium
809 804 1028 854 perpetuus
1053 814 1175 854 sopor

398 860 540 915 urget?
563 861 629 901 cui
651 859 791 902 Pudor
814 866 854 902 et
875 860 1061 903 Iustitiae
1085 875 1210 912 soror,

399 923 631 976 incorrupta
652 921 776 964 Fides
801 922 989 977 nudaque
1012 922 1174 965 Veritas

482 984 644 1037 quando
668 984 797 1025 ullum
819 984 1025 1026 invenient
1047 985 1212 1040 parem?

398 1073 535 1115 multis
559 1073 626 1115 ille
649 1072 766 1115 bonis
791 1073 936 1115 flebilis
961 1074 1126 1125 occidit3

397 1135 498 1176 nulli
520 1135 706 1184 flebilior,
732 1150 855 1189 quam
879 1134 969 1184 tibi,
994 1134 1153 1191 Virgili.

398 1205 440 1238 tu
465 1197 615 1239 frustra
637 1197 748 1251 pius,
774 1197 873 1247 heu,
898 1212 980 1238 non
1003 1198 1060 1239 ita
1083 1197 1278 1240 creditum

479 1259 615 1313 poscis
642 1257 908 1311 Quinctilium
932 1259 1042 1301 deos.

396 1348 512 1403 quid,
538 1349 573 1389 si
597 1348 785 1390 Threicio
809 1348 997 1390 blandius
1025 1347 1192 1404 Orpheo

396 1411 576 1452 auditam
600 1410 807 1451 moderere
831 1410 1044 1452 arboribus
1067 1411 1208 1460 fidem3

396 1487 495 1513 num
518 1486 647 1513 vanae
670 1472 809 1513 redeat
833 1473 998 1527 sanguis
1023 1473 1202 1528 imagini,

481 1548 605 1588 quam
628 1534 744 1589 virga
768 1534 893 1576 semel
916 1534 1091 1583 horrida„

395 1638 478 1665 non
499 1623 602 1665 lenis
625 1622 813 1678 precibus
838 1623 922 1664 fata
945 1623 1163 1673 recludere,

397 1687 511 1742 nigro
536 1685 775 1740 compulerit
797 1685 1028 1727 Mercurius
1052 1686 1192 1742 gregi?
1246 1720 1253 1727 ,

397 1749 562 1790 durum:
588 1748 661 1788 sed
683 1748 813 1789 levius
837 1747 882 1788 fit
905 1748 1111 1802 patientia,

478 1809 675 1864 quidquid
699 1809 898 1865 corrigere
923 1817 984 1851 est
1007 1810 1135 1851 nefas.

658 1981 1083 2020 OARMENXXV.

618 2075 651 2106 A
682 2076 714 2106 D
773 2076 802 2106 L
834 2075 925 2106 YD
956 2075 1036 2106 1A
1067 2075 1124 2106 M.

420 2157 592 2199 Parcius
616 2158 772 2198 iunctas
798 2157 984 2210 quatiunt
1006 2156 1207 2198 fenestras

419 2219 592 2261 iactibus
617 2218 768 2260 crebris
791 2219 959 2259 iuvenes
984 2218 1173 2273 protervi,

419 2295 495 2322 nec
518 2280 592 2322 tibi
617 2295 780 2321 somnos
806 2280 1005 2330 adimunt,
1031 2285 1219 2333 amatque

504 2343 626 2383 ianua
648 2342 784 2391 limen,

421 2446 524 2486 quae
547 2432 659 2486 prius
684 2431 856 2472 multum
879 2430 1010 2472 facilis
1035 2429 1225 2471 movebat

420 2494 603 2535 cardines
612 2510 623 2544 3
649 2493 764 2534 audis
788 2493 922 2534 minus
947 2498 986 2534 et
1009 2493 1142 2533 minus
1167 2492 1265 2533 iam:

422 2569 512 2606 „me
536 2561 605 2596 tuo
629 2555 773 2610 longas
797 2560 990 2609 pereunte
1014 2560 1166 2604 noctes,

502 2617 656 2672 Lydia,
683 2616 888 2657 dormis?“

963 3 970 18 ζ(
999 3 1040 19 '·⁴.
1095 15 1099 17 >

959 16 1102 37 ,<·.*-⁴'⁴'1=**=·*·‚,¹,
1118 26 1133 34 .ι

1194 64 1202 65 7
1213 62 1221 67 ,
1268 62 1294 66 ..A
1334 74 1338 81 ¹
1387 62 1403 79 x⁴
1443 63 1453 82 Ι,
