1500 2820
185 190 266 232 114

137 378 158 409 5

113 686 154 717 ·10

112 995 152 1025 15

109 1302 152 1333 20

109 1611 151 1642 25

610 202 653 243 Q.
673 199 887 238 HORATII
903 202 1085 240 FLACOI

347 303 538 346 mollibus
562 304 604 344 in
627 304 762 359 pueris
787 312 857 346 aut
879 305 921 347 in
943 307 1088 361 puellis
1113 323 1239 351 urere,

291 365 358 406 hic
381 365 521 407 tertius
545 365 795 416 December,
821 381 872 408 ex
895 382 976 421 quo
999 369 1136 412 destiti

347 427 516 469 Inachia
539 427 690 478 furere,
717 428 828 470 silvis
852 429 1047 472 honorem
1070 431 1233 474 decutit.

289 488 371 530 heu
393 503 476 539 me,
501 504 574 544 per
597 489 756 540 urbem,
781 506 876 532 nam
899 492 1025 546 pudet
1047 494 1148 535 tanti
1170 495 1278 546 mali,

345 550 486 592 fabula
508 556 660 604 quanta
682 550 759 592 fui!
786 553 1062 595 conviviorum
1086 561 1126 596 et
1146 556 1337 610 poenitet,

289 612 333 653 in
357 612 472 666 queis
497 619 699 654 amantem
724 619 764 654 et
786 612 957 670 languor
980 621 1020 656 et
1044 615 1247 659 silentium

345 674 478 730 arguit
502 680 541 715 et
564 674 688 716 latere
710 675 860 729 petitus
884 676 966 717 imo
991 677 1168 732 spiritus.

292 742 508 786 „contrane
531 735 689 777 lucrum
712 736 769 777 nil
792 736 926 778 valere
950 739 1169 781 candidum

341 797 532 852 pauperis
556 797 764 853 ingenium
773 799 794 819 “
820 799 1018 852 querebar
1041 801 1256 857 applorans
1280 802 1353 845 tibi
1359 820 1370 854 3

289 858 409 900 simul
434 858 600 900 calentis
623 859 918 902 inverecundus
943 861 1044 903 deus

343 919 559 961 fervidiore
583 934 693 962 mero
717 934 864 962 arcana
886 931 1092 977 promorat
1114 923 1216 966 loco.

290 981 463 1035 „quodsi
485 981 587 1022 meis
611 982 811 1023 inaestuet
833 985 1078 1038 praecordiis

341 1042 469 1084 libera
491 1042 603 1093 bilis,
628 1050 673 1084 ut
695 1043 796 1085 haec
819 1044 978 1100 ingrata
1000 1047 1131 1088 ventis
1156 1047 1310 1089 dividat

287 1103 487 1154 fomenta,
512 1104 660 1146 vulnus
683 1105 741 1146 nil
764 1105 916 1147 malum
938 1106 1115 1150 levantia

343 1166 502 1208 desinet
524 1166 748 1221 imparibus
773 1173 925 1209 certare
949 1175 1175 1212 summotus
1198 1171 1368 1226 pudor.“

287 1227 358 1269 ubi
381 1227 482 1269 haec
506 1243 671 1270 severus
697 1235 735 1270 te
757 1228 893 1284 palam
915 1229 1187 1282 laudaveram,

341 1290 477 1331 iussus
502 1289 613 1331 abire
636 1290 802 1331 domum
826 1290 985 1333 ferebar
1006 1291 1159 1335 incerto
1181 1293 1286 1349 pede

287 1351 339 1392 ad
361 1365 444 1392 non
473 1351 642 1401 amicos,
667 1351 765 1401 heu,
791 1352 890 1393 mihi
912 1358 1049 1409 postes
1074 1360 1114 1395 et
1136 1354 1217 1396 heu

342 1413 482 1455 limina
505 1413 624 1463 dura,
649 1413 798 1468 quibus
822 1414 982 1457 lumbos
1007 1422 1046 1457 et
1068 1416 1216 1473 infregi
1237 1417 1357 1460 latus.

287 1489 411 1525 nunc,
436 1474 646 1531 gloriantis
670 1475 893 1530 quamlibet
915 1477 1193 1520 mulierculam

342 1536 502 1578 vincere
526 1536 711 1587 mollitie,
737 1552 850 1579 amor
872 1537 1041 1593 Lycisci
1063 1554 1128 1581 me
1153 1546 1279 1591 tenet;

287 1599 394 1640 unde
419 1598 608 1654 expedire
631 1613 713 1641 non
736 1599 958 1642 amicorum
981 1607 1131 1655 queant

339 1660 469 1702 libera
491 1660 660 1703 consilia
681 1675 757 1702 nec
782 1662 1046 1704 contumeliae
1070 1678 1228 1719 graves,

286 1722 359 1764 sed
382 1722 484 1764 alius
509 1723 628 1764 ardor
650 1730 720 1764 aut
742 1723 900 1778 puellae
925 1724 1120 1766 candidae

341 1789 411 1826 aut
434 1784 570 1826 teretis
593 1785 709 1840 pueri
731 1785 896 1841 longam
919 1786 1150 1829 renodantis
1175 1801 1343 1829 comam.

647 1966 904 2007 GARMEN
931 1969 1034 2007 ΧΠ.

551 2066 602 2098 IN
626 2066 768 2100 ANUM
790 2068 1126 2101 LIBinmosAM.

288 2152 399 2206 Quid
423 2153 495 2195 tibi
518 2154 599 2203 vis,
625 2154 769 2196 mulier
791 2156 917 2211 nigris
941 2155 1180 2212 dignissima
1202 2155 1354 2198 barris?

340 2229 508 2256 munera
532 2228 603 2255 cur
625 2215 724 2256 mihi
748 2216 896 2270 quidve
919 2216 1088 2258 tabellas

285 2276 430 2326 mittis,
454 2290 530 2318 nec
553 2276 667 2318 firmo
691 2277 827 2319 iuveni
850 2293 982 2332 neque
1005 2279 1113 2320 naris
1138 2279 1310 2321 obesae?

341 2352 514 2391 namque
540 2339 727 2394 sagacius
751 2355 856 2381 unus
881 2340 1038 2390 odoror,

283 2399 456 2455 polypus
481 2416 533 2442 an
555 2401 691 2456 gravis
715 2401 879 2443 hirsutis
905 2402 1025 2444 cubet
1047 2402 1182 2444 hircus
1205 2403 1248 2444 in
1270 2402 1356 2453 alis,

340 2475 463 2514 quam
487 2463 597 2503 canis
622 2476 714 2504 acer
737 2462 807 2505 ubi
830 2463 951 2504 lateat
976 2479 1058 2505 sus.

284 2523 375 2576 quis
400 2523 524 2564 sudor
546 2523 663 2565 vietis
688 2531 727 2566 et
750 2538 873 2578 quam
897 2525 1027 2566 malus
1052 2525 1230 2579 undique
1254 2523 1444 2567 membris

340 2583 483 2625 crescit
506 2584 622 2635 odor,
647 2599 740 2626 cum
762 2600 865 2640 pene
890 2585 1021 2628 soluto

284 2645 520 2687 indomitam
544 2653 733 2702 properat
755 2647 909 2690 rabiem
934 2649 1091 2699 sedare3
1115 2662 1190 2690 nec
1211 2649 1270 2690 illi
