1500 2820
211 191 292 235 154
638 200 682 242 Q.
699 197 916 236 ΗΟΒΑΤΠ
931 195 1114 234 FLAccl

142 318 183 350 55
209 305 244 347 si
266 311 306 347 te
330 305 408 347 alio
431 319 603 361 pravum
627 302 856 345 detorseris.
880 300 1129 350 Avidienus,

207 368 273 409 cui
298 367 425 410 Canis
450 382 502 409 ex
530 381 627 408 vero
651 366 818 406 ductum
842 377 1070 420 cognomen
1091 361 1300 411 adhaeret,

207 429 488 484 quinquennes
513 428 623 470 oleas
648 432 711 468 est
733 432 774 468 et
797 425 999 467 silvestria
1022 438 1162 473 corna,

207 506 255 532 ac
278 491 358 532 nisi
380 496 581 531 mutatum
603 488 733 544 parcit
755 487 978 529 defundere
1001 485 1160 535 vinum,
1185 490 1227 526 et

208 552 322 594 cuius
347 552 512 593 odorem
536 550 614 592 olei
636 564 814 603 nequeas
837 548 1034 604 perferre,
1059 572 1113 578 —
1135 545 1272 588 licebit

143 629 184 659 60
206 615 274 656 ille
296 613 452 669 repotia
473 612 629 654 natales
654 611 807 653 aliosve
831 610 989 651 dierum

207 676 334 718 festos
358 675 517 717 albatus
542 673 717 716 celebret
739 697 793 702 —
817 686 943 714 cornu
964 671 1052 726 ipse
1076 669 1211 712 bilibri

208 737 391 780 caulibus
414 736 601 786 instillat,
626 734 775 776 veteris
799 748 882 775 non
903 747 1051 788 parcus
1075 731 1192 773 aceti.

208 799 318 853 quali
339 798 463 854 igitur
485 798 596 838 victu
619 796 781 851 sapiens
805 794 964 836 utetur?
987 800 1027 836 et
1049 793 1195 836 horum

209 868 346 902 utrum
367 858 615 901 imitabitur?
636 858 715 899 hac
737 863 857 913 urget
878 856 1018 911 lupus,
1043 855 1121 897 hac
1145 854 1275 904 canis,
1300 854 1423 896 aiunt.

145 937 185 968 65
210 923 387 964 mundus
413 922 488 963 erit
512 935 593 975 qua
615 935 698 961 non
721 919 901 961 offendat
926 917 1130 967 sordibus,
1156 923 1277 971 atque

208 985 251 1026 iu
274 991 459 1025 neutram
482 988 639 1038 partem
662 981 795 1023 cultus
819 980 953 1022 miser.
978 979 1046 1021 hic
1068 993 1200 1033 neque
1225 978 1365 1028 servis,

209 1045 356 1088 Albuti
380 1045 488 1087 senis
512 1043 717 1099 exemplo,
743 1043 840 1084 dum
863 1042 1002 1083 munia
1024 1041 1144 1091 didit,

211 1123 358 1150 saevus
383 1107 477 1157 erit3
501 1120 577 1147 nec
602 1106 660 1147 sic
686 1110 729 1146 ut
753 1104 927 1159 simplex
948 1103 1128 1145 Naevius
1151 1108 1316 1144 unctam

211 1169 392 1211 convivis
415 1166 626 1224 praebebit
649 1181 815 1220 aquam:
839 1166 983 1207 vitium
1006 1165 1084 1206 hoc
1107 1178 1268 1219 quoque
1291 1178 1494 1219 magnum.

147 1245 188 1275 ἰο
213 1231 352 1286 accipe
375 1244 484 1271 nunc
507 1229 639 1270 victus
665 1228 797 1270 tenuis
822 1242 926 1282 quae
950 1233 1181 1281 quantaque
1205 1240 1343 1268 secum

212 1293 366 1334 afferat.
390 1292 433 1333 in
454 1291 595 1347 primis
620 1290 756 1331 valeas
780 1289 902 1331 bene:
925 1304 1020 1330 nam
1043 1288 1178 1330 variae
1201 1302 1267 1329 res

211 1362 257 1396 ut
279 1359 453 1395 noceant
475 1352 647 1402 homini,
673 1352 833 1400 credas,
858 1365 1014 1392 memor
1034 1350 1143 1391 illius
1168 1363 1304 1399 escae,

212 1431 316 1471 quae
341 1416 514 1471 simplex
538 1414 634 1456 olim
658 1413 731 1455 tibi
755 1413 921 1463 sederit;
946 1418 988 1454 at
1011 1411 1132 1454 simul
1155 1411 1259 1453 assis

212 1478 423 1520 miscueris
449 1478 572 1527 elixa,
599 1476 720 1518 simul
744 1475 956 1530 conchylia
979 1474 1126 1524 turdis,

148 1554 188 1584 75
213 1540 347 1581 dulcia
371 1554 415 1581 se
438 1539 482 1580 in
504 1539 628 1580 bilem
651 1543 826 1587 vertent,
853 1536 1142 1590 stomachoque
1165 1533 1383 1576 tumultum

211 1603 321 1644 lenta
343 1602 447 1643 feret
469 1601 626 1656 pituita.
651 1600 765 1641 vides
789 1605 836 1640 ut
857 1599 1032 1654 pallidus
1057 1597 1188 1639 omnis

213 1678 341 1706 coena
364 1664 556 1718 desurgat
580 1661 727 1703 dubia?
750 1661 848 1714 quin
872 1675 1017 1715 corpus
1042 1665 1233 1701 onustum

212 1725 412 1767 hesternis
436 1724 544 1765 vitiis
570 1723 750 1765 animum
774 1736 935 1776 quoque
957 1726 1200 1777 praegravat
1221 1734 1321 1770 una,

213 1794 334 1841 atque
358 1785 500 1842 adfigit
522 1785 647 1826 humo
671 1784 832 1826 divinae
854 1782 1094 1839 particulam
1117 1795 1250 1823 aurae.

147 1861 190 1893 80
214 1849 332 1898 alter,
356 1847 428 1889 ubi
451 1847 559 1888 dicto
584 1846 701 1887 citius
727 1851 866 1887 curata
889 1844 1024 1899 sopori

213 1909 397 1952 membra
420 1909 548 1958 dedit,
573 1914 744 1964 vegetus
767 1907 1018 1963 praescripta
1039 1905 1093 1947 ad
1114 1904 1253 1946 munia
1276 1904 1415 1960 surgit.

215 1972 281 2013 hic
303 1978 440 2012 tamen
464 1971 517 2012 ad
539 1969 684 2011 melius
707 1969 855 2024 poterit
878 1974 1148 2009 transcurrere
1171 1966 1375 2020 quondam
1382 1982 1394 2016 3

215 2034 302 2075 sive
325 2033 434 2074 diem
457 2032 609 2074 festum
631 2031 792 2072 rediens
817 2029 1025 2071 advexerit
1047 2043 1196 2078 annus,

215 2109 289 2137 seu
310 2108 493 2136 recreare
516 2093 626 2135 volet
648 2098 858 2134 tenuatum
883 2105 1049 2146 corpus,
1073 2089 1224 2144 ubique

148 2169 190 2202 85
215 2156 410 2199 accedent
433 2155 546 2204 anni,
572 2161 612 2196 et
634 2153 797 2195 tractari
819 2152 981 2194 mollius
1005 2157 1117 2193 aetas

214 2218 417 2261 imbecilla
439 2217 559 2259 volet.
585 2215 658 2258 tibi
682 2215 876 2269 quidnam
899 2213 1065 2255 accedet
1087 2213 1140 2254 ad
1162 2212 1300 2262 istam,

215 2295 338 2335 quam
360 2293 462 2334 puer
485 2284 526 2320 et
547 2277 706 2319 validus
730 2275 975 2332 praesumis,
998 2274 1226 2324 mollitiem,
1252 2288 1326 2316 seu

215 2342 317 2383 dura
338 2340 528 2382 valetudo
552 2338 753 2388 inciderit,
779 2352 854 2379 seu
875 2337 991 2378 tarda
1014 2335 1225 2378 senectus?

215 2402 427 2445 rancidum
450 2415 594 2456 aprum
617 2399 773 2454 antiqui
794 2398 1033 2448 laudabant,
1058 2412 1141 2440 non
1163 2396 1260 2451 quia
1281 2410 1405 2438 nasus

151 2479 193 2510 90
215 2465 294 2507 illis
318 2463 454 2505 nullus
479 2472 574 2512 erat,
601 2462 691 2511 sed,
717 2461 856 2511 credo,
879 2460 957 2502 hac
980 2466 1133 2510 mente,
1157 2458 1269 2512 quod
1289 2457 1439 2513 hospes

216 2526 369 2568 tardius
394 2524 614 2566 adveniens
637 2523 823 2565 vitiatum
846 2521 1096 2564 commodius
1119 2535 1243 2575 quam

216 2589 419 2643 integrum
443 2587 548 2628 edax
571 2586 759 2627 dominus
783 2589 1049 2626 consumeret.
1073 2582 1149 2624 hos
1173 2581 1327 2623 utinam
1349 2580 1452 2622 inter

216 2649 362 2690 heroas
385 2655 527 2690 natum
551 2647 670 2689 tellus
694 2661 759 2688 me
782 2646 912 2701 prima
935 2642 1112 2686 tulissetl
