1546 2820
182 188 235 231 16
611 199 654 240 Q.
673 197 886 234 HORATII
901 197 1084 235 FLAGCI

373 315 448 343 nec
471 300 682 343 Martiales
706 301 927 343 haeduleae
950 302 1089 358 lupos3

113 375 155 406 10
372 369 591 417 utcumque
616 363 742 413 dulci,
767 363 968 418 Tyndari,
992 365 1129 407 fistula

426 425 552 466 valles
578 430 618 466 et
640 423 809 466 Usticae
834 425 1018 468 cubantis

482 486 588 528 levia
609 501 854 541 personuere
879 502 990 529 saxa.

371 577 414 618 di
436 591 502 618 me
526 582 706 626 tuentur,
732 577 795 618 dis
817 577 948 632 pietas
972 592 1064 619 mea

372 644 412 680 et
434 653 553 679 musa
576 638 687 679 cordi
710 644 789 688 est3
814 638 908 679 hinc
932 638 1005 680 tibi
1029 639 1146 694 copia

113 711 154 743 15
426 699 607 741 manabit
631 700 683 741 ad
704 700 870 755 plenum
893 700 1069 756 benigno

481 762 586 803 ruris
610 761 809 804 honorum
833 762 1024 816 opulenta
1047 777 1183 805 cornu.

370 851 437 893 hic
459 851 503 892 in
525 851 693 892 reducta
715 851 820 892 valle
846 850 1068 894 Caniculae

370 913 517 955 vitabis
542 919 699 963 aestus,
724 919 765 954 et
787 913 867 954 fide
891 913 994 955 Teia

427 975 537 1016 dices
560 974 791 1016 laborantes
815 975 859 1015 in
881 989 964 1016 uno

109 1048 152 1080 20
483 1035 719 1091 Penelopen
741 1036 993 1091 vitreamque
1018 1036 1177 1080 Circen.

369 1126 436 1167 hic
457 1125 683 1167 innocentis
707 1125 856 1180 poeula
878 1125 1024 1167 Lesbii

370 1188 495 1230 duces
522 1187 598 1230 sub
622 1187 785 1237 umbra,
810 1201 887 1229 nec
913 1186 1139 1230 Semeleius

425 1264 518 1291 cum
540 1248 676 1290 Marte
701 1249 921 1291 confundet
945 1249 1167 1305 Thyoneus

479 1311 650 1366 proelia,
674 1325 750 1352 nec
772 1317 929 1352 metues
951 1317 1184 1366 protervum

108 1414 149 1446 25
370 1407 561 1456 suspecta
585 1400 760 1455 Cyrum,
786 1414 837 1441 ne
860 1400 966 1442 male
989 1401 1141 1456 dispari

368 1463 662 1505 incontinentes
687 1461 840 1503 iniiciat
863 1477 1022 1512 manus,

425 1530 465 1566 et
489 1524 646 1566 scindat
668 1523 901 1565 haerentem
926 1538 1116 1565 coronam

482 1585 659 1627 crinibus
683 1585 1006 1640 immeritamque
1030 1591 1199 1630 vestem.

620 1733 877 1773 CARMEN
903 1734 1066 1773 XVIII.

499 1828 565 1859 AD
592 1828 632 1860 P.
660 1827 982 1867 QUINCTLLIUM
1007 1829 1192 1862 VARUM.

172 1911 355 1961 Nullam,
380 1910 508 1960 Vare,
536 1925 652 1952 sacra
675 1911 757 1952 vite
779 1911 893 1966 prius
919 1911 1070 1953 severis
1096 1910 1282 1954 arborem

173 1973 280 2015 circa
302 1973 398 2014 mite
423 1973 554 2014 solum
579 1972 744 2014 Tiburis
770 1978 810 2014 et
831 1973 993 2015 moenia
1018 1971 1140 2015 Catili
1147 1990 1159 2024 3

174 2035 291 2078 siccis
316 2035 452 2077 omnia
474 2050 568 2076 nam
593 2035 693 2076 dura
716 2035 816 2076 deus
840 2035 1070 2090 proposuit,
1095 2049 1227 2089 neque

172 2097 383 2139 mordaces
408 2096 523 2138 aliter
546 2096 767 2152 diffugiunt
791 2097 1095 2138 sollicitudines.

129 2201 149 2232 5
173 2187 264 2241 quis
288 2192 382 2241 post
404 2186 500 2227 vina
522 2200 691 2240 gravem
714 2185 898 2227 militiam
923 2192 993 2228 aut
1015 2186 1251 2241 pauperiem
1276 2187 1436 2241 crepat?

172 2249 262 2303 quis
286 2262 369 2290 non
392 2254 431 2289 te
454 2248 608 2303 potius,
633 2247 796 2289 Bacche
819 2254 951 2303 pater,
977 2254 1115 2302 teque,
1141 2248 1289 2290 decens
1313 2247 1480 2290 Venus?

173 2324 221 2350 ac
243 2324 295 2351 ne
318 2310 409 2363 quis
433 2309 583 2350 modici
607 2309 804 2350 transiliat
826 2324 996 2351 munera
1018 2309 1174 2360 Liberi,

174 2369 404 2412 Centaurea
427 2377 564 2412 monet
587 2385 680 2412 cum
703 2370 893 2426 Lapithis
918 2371 1007 2412 rixa
1031 2385 1153 2426 super
1175 2385 1286 2413 mero

173 2459 391 2509 debellata,
416 2466 554 2501 monet
581 2459 778 2502 Sithoniis
802 2475 885 2502 non
907 2460 1008 2502 levis
1032 2460 1177 2511 Evius,

108 2532 150 2564 10
173 2535 299 2575 quum
323 2522 386 2563 fas
411 2528 531 2576 atque
554 2522 671 2564 nefas
697 2522 844 2578 exiguo
867 2521 948 2566 fine
970 2522 1184 2563 libidinum

173 2583 406 2624 discernunt
428 2584 548 2624 avidi.
573 2598 655 2625 non
679 2599 755 2639 ego
779 2590 836 2633 te,
862 2584 1032 2625 candide
1055 2583 1271 2634 Bassareu,

171 2644 342 2688 invitum
366 2645 563 2699 quatiam,
588 2660 663 2687 nec
687 2645 808 2688 variis
833 2644 965 2687 obsita
987 2645 1199 2688 frondibus
