1500 2820
434 155 707 194 CARMINUM
730 154 828 191 LIB.
846 155 898 192 11.

206 264 413 308 redditum
437 262 540 320 Cyri
563 261 667 305 solio
688 260 912 312 Phraaten,

143 351 146 361 v
207 327 414 371 dissidens
436 324 569 384 plebi,
592 339 766 367 numero
790 323 1005 367 beatorum

0 2703 191 2820 ἱᾷοωιίιιε.

209 390 353 435 eximit
374 389 539 440 Virtus,
563 387 848 446 populumque
872 387 991 430 falsis

291 453 466 496 dedocet
487 452 550 495 uti

205 544 398 596 vocibus,
422 559 598 602 regnum
622 549 663 586 et
686 542 879 584 diadema
903 548 1037 585 tutum

207 608 397 651 deferens
421 607 494 650 uni
515 606 807 664 propriamque
830 605 1007 657 laurum,

205 671 394 728 quisquis
418 671 607 728 ingentes
632 669 752 712 oculo
775 669 964 712 irretorto

292 740 452 792 spectat
475 748 659 777 acervos.

472 885 735 927 OARMEN
763 886 848 925 HI.

424 984 500 1016 AD
534 982 586 1023 Q.
617 983 897 1016 DELLIUM.

203 1067 398 1125 Aequam
421 1074 628 1111 memento
652 1067 777 1111 rebus
801 1069 844 1111 in
867 1069 1007 1112 arduis

205 1146 370 1175 servare
394 1138 595 1183 mentem,
620 1147 705 1174 non
730 1147 852 1175 secus
876 1133 920 1175 in
942 1132 1064 1176 bonis

261 1194 314 1238 ab
338 1195 531 1239 insolenti
554 1201 825 1252 temperatam

315 1258 491 1311 laetitia,
516 1259 713 1302 moriture
735 1258 863 1311 Delli,

202 1365 277 1394 seu
301 1356 485 1394 maestus
510 1351 623 1394 omni
646 1357 831 1407 tempore
856 1351 1022 1403 vixeris,

201 1428 276 1457 seu
299 1420 340 1456 te
362 1414 407 1457 in
428 1422 588 1457 remoto
611 1415 799 1472 gramine
822 1430 897 1471 per
921 1415 1009 1458 dies

258 1476 390 1520 festos
413 1477 658 1521 reclinatum
682 1477 818 1521 bearis

315 1540 509 1584 interiore
531 1547 631 1584 nota
653 1541 834 1585 Falerni.

201 1647 283 1688 quo
305 1632 428 1689 pinus
452 1633 600 1690 ingens
626 1633 803 1689 albaque
826 1634 1006 1691 populus

201 1695 393 1738 umbram
415 1695 664 1753 hospitalem
689 1698 927 1740 consociare
953 1705 1092 1741 amant

257 1758 403 1810 ramis,
427 1773 511 1814 quo
535 1765 576 1801 et
600 1759 768 1815 obliquo
793 1760 955 1804 laborat

313 1821 485 1879 lympha
507 1822 639 1879 fugax
662 1823 867 1880 trepidare
890 1824 994 1877 rivo,

199 1912 282 1955 hue
305 1913 402 1955 vina
426 1919 466 1955 et
489 1921 704 1971 unguenta
727 1922 768 1958 et
790 1916 965 1958 nimium
988 1916 1137 1960 breves

199 1975 322 2019 flores
347 1991 546 2019 amoenae
569 1977 677 2020 ferre
701 1978 798 2021 iube
821 1994 954 2030 rosae,

259 2039 359 2080 dum
382 2054 450 2081 res
475 2049 516 2082 et
539 2047 652 2084 aetas
678 2047 718 2083 et
743 2057 931 2085 sororum

314 2101 384 2144 fila
407 2102 531 2144 trium
553 2104 767 2160 patiuntur
790 2111 890 2148 atra.

203 2193 326 2236 cedes
352 2195 523 2237 coemtis
549 2195 722 2239 saltibus
747 2204 788 2240 et
811 2198 935 2241 domo

203 2255 402 2310 villaque,
427 2256 560 2300 flavus
586 2273 711 2314 quam
736 2260 899 2304 Tiberis
924 2262 1043 2314 lavit3

258 2319 400 2371 cedes,
425 2326 467 2362 et
490 2324 710 2366 exstructis
734 2324 777 2366 in
802 2325 930 2367 altum

315 2382 468 2426 divitiis
490 2385 672 2441 potietur
693 2387 827 2431 heres.

201 2473 390 2526 divesne,
413 2475 551 2531 priseo
574 2484 695 2522 natus
720 2479 774 2522 ab
798 2480 969 2534 Inacho,

202 2535 260 2577 nil
282 2537 468 2591 interest,
494 2555 548 2582 an
569 2555 729 2601 pauper
752 2549 794 2585 et
815 2543 959 2586 infima

258 2599 310 2642 de
333 2608 457 2657 gente
481 2603 559 2646 sub
584 2604 681 2647 divo
705 2607 891 2656 moreris,

314 2664 481 2708 victima
503 2666 561 2708 nil
584 2667 817 2712 miserantis
844 2668 960 2715 Orci.

1373 463 1416 495 20

1370 1713 1412 1744 10

1370 2059 1410 2090 15

1365 2403 1409 2436 20
