1592 2840
526 240 563 274 Q.
588 233 749 265 nomm
771 227 910 259 rLAcc1
1345 204 1445 242 XLV

0 335 4 357 ;
22 334 90 370 iam
101 321 430 372 facileperciperet
442 319 481 354 et
491 320 708 359 assequere·
734 310 802 344 est.
843 304 904 339 De
930 299 1066 355 quibus
1084 295 1180 332 locis
1199 292 1328 330 ordine
1349 289 1450 326 dein-

22 390 72 414 ur.
107 371 237 411 Poesis
251 372 374 405 autem
389 365 557 401 Graecae
575 356 712 394 notitia
737 364 825 398 ceps
839 359 970 396 paucls
984 341 1232 390 explicavisse
1246 336 1401 374 iuvabit.

769 399 904 443 Itaque
918 393 1075 440 primum
1090 387 1239 434 quidem
1254 383 1319 419 dili
1349 386 1454 418 enter

738 437 1099 481 animadvertendum
1106 430 1279 478 est,quod
1286 429 1334 464 ad
1377 438 1454 462 ora-

738 491 831 526 tium
844 490 945 523 recte
959 479 1232 519 aestimandum
1251 484 1456 519 sanequam

1046 529 1212 572 ,poetam
1221 520 1386 558 extitisse
1395 529 1457 553 au·

18 586 136 653 itaque
153 598 262 637 sicuti
282 595 431 632 omnino
448 590 605 638 lyricum
628 595 716 632 poe·
744 586 886 618 ctorem
906 580 944 612 et
961 578 1155 622 parentem
1175 565 1352 604 dictionis
1371 563 1458 610 lyri-

0 653 65 699 Ἰ-ςίῃ
78 658 196 697 genus
216 656 236 680 e
251 640 413 680 Graecia
430 637 469 672 in
482 634 632 671 Latium
644 634 718 666 tra·
744 638 822 672 cae,
833 624 983 672 qualem
990 617 1149 655 Romani
1163 615 1211 651 ad
1223 614 1327 648 illam
1338 619 1459 655 usque

15 690 258 749 ‘itinere-apud
271 688 434 724 animum
448 678 651 721 constituit,
665 675 720 710 ita
744 676 907 709 aetatem
924 666 1091 703 nondum
1108 661 1313 698 novissent.
1350 654 1462 698 Quod.

15 748 173 790 upumxs
186 741 298 773 etiam
312 733 541 769 Graecorum
553 728 671 761 artem
684 724 722 757 et
745 719 844 755 enim
858 715 996 751 dudum
1009 711 1083 746 illis
1097 705 1329 752 temporibus
1338 711 1463 737 sense-

1122 754 1145 798 i,
1160 751 1311 788 Asinius
1325 747 1463 790 Pollio,

13 783 315 833 ›mpositionem
340 789 386 814 ea
408 776 447 810 in
469 784 510 809 re
533 769 720 807 aemulan·
745 768 833 800 rant
848 761 918 797 viri
938 756 1120 794 clarissim

15 835 94 870 ⁴iam
113 841 197 868 esse
215 826 418 863 arbitratus
436 823 502 856 est.
539 815 650 859 Quod
668 817 722 848 ta·
747 809 897 852 Varius,
910 802 1105 856 Virgilius,
1121 804 1159 835 et
1171 801 1258 834 ante
1273 806 1338 831 eos
1353 793 1466 829 etiam

18 890 95 915 nen
117 881 347 922 magnopere
373 865 581 904 cavendum
600 863 658 896 est
676 870 722 894 ne
750 855 920 892 Catullus
946 850 1104 895 allique,
1128 844 1306 880 Latinum
1331 848 1467 875 sermo-

8 935 133 972 zpsum
158 922 212 957 sic
234 917 371 954 fecisse
396 910 658 951 existimemus,
683 908 726 939 ut
749 913 835 938 nem
847 901 978 944 utpote
993 892 1220 940 asperiorem
1234 887 1368 929 adhuc,
1383 885 1468 919 hor-

73 970 81 978 ”
700 950 707 957 ’
772 947 926 982 'diorem
941 947 978 978 et
989 938 1226 975 incultiorem
1246 934 1294 969 ad
1306 929 1470 967 recentis

799 991 887 1028 tatis
907 985 1135 1034 elegantiam
1162 976 1472 1017 conformandum

754 1040 882 1089 esse).
902 1035 1002 1088 idem
1025 1028 1194 1077 inprimis
1221 1026 1333 1062 etiam
1352 1022 1472 1057 Hora-

21 423 105 460 aud
111 418 220 457 dubie
227 416 301 451 iam
310 412 448 448 dudum
456 407 619 443 imbutus
627 401 711 445 fuit,

0 487 2 489 >
21 462 305 517 [mdoquidem
329 457 406 494 Sat.
426 455 456 490 Ι.
473 453 529 497 10,
547 451 604 486 30.
630 457 712 482 sese

20 516 133 552 tanat
146 510 218 546 iam
237 506 326 543 olim
345 501 622 552 adolescentem
630 503 714 547 yer-

18 1059 200 1098 serviliter
214 1051 429 1092 reddiderit.
465 1048 545 1083 Imo
566 1043 668 1092 quod
682 1042 728 1077 de

19 1105 160 1154 Epodis
173 1102 249 1138 suis
261 1101 384 1181 ipsum
390 1091 559 1143 profiteri
566 1087 729 1126 memini·
772 1086 779 1093 “

18 1163 98 1189 mus
110 1148 269 1196 Epistol.
298 1143 446 1188 .19‚25.‚
461 1150 543 1175 sese
556 1145 731 1172 numeros
755 1132 829 1167 iam
851 1129 890 1163 in
908 1124 1053 1172 Epodis
1073 1126 1112 1157 et
1132 1118 1262 1156 Satiris
1283 1128 1359 1151 suis
1375 1113 1477 1148 idem

12 1218 14 1220 v
45 1197 169 1234 uidem
180 1193 404 1237 animosque
417 1182 637 1223 Archilochi
649 1180 731 1216 red-
759 1178 938 1229 sequutus
947 1162 1314 1214 esset‚tuminprimis
1322 1161 1360 1196 in
1368 1157 1478 1206 poesi

48 1243 162 1278 ‘disse
173 1250 245 1275 nec
256 1247 346 1273 vero
359 1246 420 1270 res
440 1236 478 1269 et
491 1228 644 1276 agentia
655 1237 700 1260 ve

23 1291 72 1326 ba
82 1285 313 1339 Lyca-,moen²
333 1281 432 1316 idem
452 1278 531 1330 sine
545 1273 660 1310 dubio
673 1271 736 1306 hic
762 1268 907 1317 quippe·
927 1262 1032 1299 cuius
1059 1270 1192 1312 sensus
1216 1254 1408 1306 molliores
1428 1260 1481 1303 ’ac

30 1607 134 1644 ribus
159 1604 235 1640 suis
262 1602 431 1639 Graecae
457 1596 643 1632 Camenae
667 1603 743 1627 mu·
770 1589 929 1630 constat,
946 1594 1019 1630 quo
1033 1586 1198 1626 tempore
1218 1584 1395 1622 princeps
1410 1581 1488 1606 car-

32 1663 124 1690 nera
157 1647 408 1695 impertiisset.
455 1644 589 1688 Itaque
625 1637 744 1674 neuti-
770 1635 870 1670 mina
882 1631 1001 1678 lyrica
1012 1636 1178 1674 pangere
1199 1633 1313 1658 ausus
1328 1622 1386 1655 est
1398 1617 1490 1653 Ger-

35 1709 147 1747 quam
170 1691 359 1731 scribendi
383 1702 425 1726 ar
478 1691 603 1723 menta
627 1685 675 1720 ab
700 1683 746 1718 iis
770 1679 890 1716 manis
904 1671 1200 1712 anteainaudita
1213 1672 1251 1704 et
1264 1667 1311 1702 ad
1323 1668 1492 1702 veterum

34 1747 162 1781 mutua
181 1739 321 1783 sumsit,
343 1737 410 1772 sed
461 1743 656 1770 raecorum
674 1729 748 1764 vim
775 1727 1005 1763 Graecorum
1014 1715 1394 1758 artemrationemque
1404 1720 1492 1744 con-

38 1794 151 1836 atque
176 1785 344 1833 spiritum
367 1780 548 1824 reddidit,
576 1788 649 1824 quo
675 1776 749 1811 Ro·
773 1773 945 1809 formata.
972 1765 1083 1809 Quod
1098 1762 1248 1810 quidem
1263 1755 1493 1803 duplicimo-

38 1834 138 1872 mani
171 1841 320 1880 quoque
347 1828 549 1870 haberent,
581 1834 654 1870 quo
686 1821 750 1856 ali·
777 1820 824 1854 do
851 1814 993 1857 effecit,
1020 1806 1327 1858 quandoquidem
1359 1811 1495 1837 sermo-

42 1879 192 1933 quando
205 1881 395 1922 tamquam
412 1875 526 1919 poeta
544 1869 663 1917 lyrico
684 1878 750 1901 suo
775 1875 860 1900 nem
889 1859 1050 1915 patrium
1073 1861 1151 1891 tum
1183 1864 1227 1888 ex
1259 1849 1394 1896 opibus
1423 1844 1496 1892 ipsi

44 1923 322 1978 gloriarentur)
361 1920 442 1955 Iam
459 1927 548 1953 vero
573 1915 648 1950 hoc
667 1924 753 1959 pro·
778 1907 938 1957 propriis
969 1899 1229 1948 locupletavit,
1266 1901 1346 1931 tum
1382 1892 1496 1928 etiam

45 1974 207 2024 positum
228 1970 272 2020 ut
294 1966 574 2012 assequeretur,
598 1959 755 2007 primum
781 1952 961 1991 orationis
1006 1945 1279 1993 compositione
1324 1938 1497 1975 callidius

47 2016 196 2068 quidem
214 2012 413 2048 dictionem
431 2008 585 2055 lyricam
599 2004 755 2048 effinxit,
782 2001 830 2037 ad
845 1999 1075 2035 Graecorum
1087 2003 1194 2027 usum
1209 1994 1248 2025 et
1261 1982 1498 2023 consuetudi-

49 2062 151 2109 quah
162 2058 364 2106 populares
379 2056 458 2091 eius
469 2058 547 2089 tum
568 2054 679 2090 etiam
698 2061 756 2084 ca·
781 2057 867 2082 nem
881 2042 1131 2086 attemperata
1142 2034 1269 2071 multis
1284 2031 1404 2067 modis
1417 2040 1500 2075 per-

47 2107 200 2149 rebant3
225 2103 359 2139 deinde
371 2100 511 2147 lyricos
524 2107 697 2134 numeros
705 2099 758 2130 at·
783 2091 874 2128 fecit
886 2093 923 2125 et
936 2084 1110 2123 excoluit.
1149 2081 1259 2124 Quod
1274 2077 1424 2125 quidem
1436 2085 1502 2120 po-

50 2142 760 2200 queversusadGraecorumexemplum
786 2137 919 2173 sterius
934 2145 979 2170 ea
998 2130 1089 2167 fecit
1107 2126 1277 2170 audacia,
1303 2127 1346 2158 ut
1370 2120 1502 2157 dictio-

51 2195 280 2244 composuit3
296 2203 407 2239 porro
421 2202 543 2226 rerum
557 2200 600 2224 ac
615 2192 761 2222 senten—
785 2194 870 2219 nem
887 2190 1042 2222 omnem,
1064 2170 1302 2222 quantumvis
1315 2167 1503 2211 Latinam,

51 2244 186 2280 tiarum
209 2240 406 2276 multarum
429 2247 537 2271 usum
562 2246 584 2269 a
604 2231 761 2270 Graecis
786 2235 911 2265 tamen
943 2224 1114 2260 Graecae
1150 2219 1303 2264 linguae
1339 2212 1506 2250 indolem

788 2279 901 2321 atque
909 2275 1086 2326 ’naturam
1093 2276 1190 2320 ’prae
1205 2275 1243 2299 se
1257 2262 1441 2298 ferentem
1455 2256 1507 2293 ef-

53 2484 144 2510 num
181 2482 203 2506 a
266 2467 494 2504 Graecorum
534 2461 767 2510 potissimum
791 2470 873 2494 rum
892 2466 988 2498 esse,
1013 2451 1086 2487 nisi
1106 2449 1168 2497 qui
1187 2449 1275 2483 item
1290 2445 1439 2480 Graeca
1458 2438 1512 2474 di·

58 2516 266 2563 exemplum
294 2510 530 2549 artificiosius
555 2508 767 2543 moderatus
794 2502 927 2539 dicerit
945 2497 1120 2582 gnaviter
1137 2495 1175 2530 in
1203 2492 1381 2536 rimisque
1402 2486 1513 2522 etiam

794 2552 928 2631 goetas
980 2554 1112 2579 raecos
1135 2552 1174 2576 se
1204 2539 1268 2573 ulo
1284 2530 1513 2571 tractaverit.

824 2598 892 2630 unt
905 2591 1001 2628 enim
1016 2587 1140 2624 omnia
1151 2587 1266 2639 plena
1281 2579 1514 2618 Graecismo-

936 2637 974 2672 ui
993 2635 1052 2670 vul
1085 2645 1106 2669 o
1127 2633 1312 2671 dicuntur,
1332 2625 1515 2662 referunt-

59 2701 180 2762 Χῖα-35.
197 2695 624 2760 {ss-Jlnffssfgffidfflssistghnffir‘
637 2695 698 2719 not.
712 2692 772 2717 181·
801 2697 871 2739 que
902 2697 926 2730 p
945 2693 1015 2718 ane
1083 2677 1186 2714 raeci
1217 2671 1399 2710 sermonis
1430 2679 1515 2715 pro-

36 2733 206 2840 ἑὼ
223 2727 776 2801 Μοωιᾞιιιῗᾉᾷὗῗῖἒῄξζῗεξξζ
800 2733 1009 2778 pnetatem,
1030 2725 1180 2773 qualem
1197 2721 1224 2756 ii
1242 2723 1386 2755 tantum
1398 2713 1517 2762 perci-

127 2803 281 2834 hohoavit.
294 2801 399 2829 nedum
411 2799 556 2828 absolvit).
835 2792 850 2819 1
869 2797 898 2816 v.
911 2788 1064 2815 Weichert.
1078 2784 1191 2812 Poetar.
1202 2781 1267 2809 Lat.
1280 2777 1352 2805 Bell.
1361 2783 1389 2811 p.
1398 2775 1447 2803 327
1454 2777 1516 2808 sqq.

58 2608 60 2610 ’
91 2600 108 2626 1
126 2599 170 2625 De
183 2596 285 2624 studiis
304 2594 419 2621 Graecis
431 2592 541 2619 Horatii
557 2598 586 2617 v.
599 2588 684 2616 Estre
701 2589 769 2614 Pro-

55 2632 248 2695 .m{¹ruphla
271 2630 370 2656 norat.
395 2636 423 2660 p.
447 2629 497 2653 122
516 2633 577 2658 sqq.
605 2622 770 2650 Grotesend.

84 2689 86 2696 ,
161 2661 518 2696 οηωῐιΕῃογοὶοῃ.Ηυ.11.
531 2659 771 2691 1833.p.463sqq.
796 2653 889 2685 rum,
