1500 2820
140 148 222 190 190
573 156 617 200 Q.
633 156 843 194 HORATII
859 157 1042 196 FLAOOI

135 273 331 302 excusare
353 258 533 301 laborem
558 266 598 301 et
620 261 868 303 mercenaria
890 261 1035 314 vincla,

134 321 245 376 quod
266 335 349 363 non
370 335 490 362 mane
513 321 678 363 domum
703 323 899 373 venisset,
924 323 1098 378 denique
1121 326 1231 380 quod
1252 341 1334 370 non

133 383 379 439 providisset
402 397 508 424 eum.
533 408 588 414 —
612 384 671 425 sic
693 384 901 440 ignovisse
923 393 1066 441 putato

69 459 110 490 70
133 459 199 487 me
223 444 314 495 tibi,
341 444 375 486 si
400 459 546 486 coenas
570 445 692 487 hodie
715 461 888 488 mecum.
914 473 967 478 —-
990 454 1036 489 ut
1058 448 1168 491 libet.
1193 474 1247 482 -
1270 465 1365 508 ergo

67 767 108 798 ⁷5

65 1073 108 1106 80

65 1385 107 1416 85

67 1695 109 1725 90

67 2003 108 2035 95

131 513 226 563 post
248 521 398 548 nonam
422 507 578 548 venies:
602 522 710 549 nunc
732 508 764 558 i,
789 523 875 550 rem
899 515 1086 552 strenuus
1111 526 1228 568 auge.
1252 537 1306 544 —

133 574 178 610 ut
200 575 367 610 ventum
390 568 443 609 ad
467 583 635 610 coenam
658 576 737 619 est,
763 570 935 612 dicenda
958 573 1128 614 tacenda
1149 573 1338 628 loquutus

132 629 297 671 tandem
322 630 539 671 dormitum
563 630 788 672 dimittitur.
820 631 886 673 hic
909 632 980 673 ubi
1005 648 1126 689 saepe

134 691 338 733 occultum
364 692 477 733 visus
502 692 713 734 decurrere
737 693 861 748 piscis
886 695 938 735 ad
960 695 1138 746 hamum,

131 767 250 794 mane
275 752 400 794 eliens
425 759 465 794 et
487 753 569 794 iam
593 761 726 796 certus
751 756 939 806 conviva,
969 756 1131 798 iubetur

131 829 225 856 rura
250 813 483 856 suburbana
506 815 666 857 indictis
692 830 827 858 comes
851 817 908 858 ire
931 817 1105 859 Latinis.

130 876 346 931 impositus
371 876 531 918 mannis
556 892 699 918 arvum
723 878 960 933 caelumque
987 878 1185 922 Sabinum

130 954 213 981 non
237 944 370 980 cessat
392 939 569 981 laudare.
601 940 711 981 videt
733 941 918 995 ridetque
941 940 1195 998 Philippus,-

132 1007 172 1042 et
196 1000 274 1042 sibi
297 1001 395 1042 dum
417 1001 618 1054 requiem,
643 1002 741 1043 dum
764 1003 870 1044 risus
894 1003 1072 1057 undique
1096 1005 1264 1058 quaerit,

131 1063 230 1103 dum
254 1069 410 1117 septem
434 1063 558 1104 donat
582 1064 785 1114 sestertia,
810 1070 951 1105 mutua
975 1072 1130 1120 septem

130 1124 344 1180 promittit,
370 1125 590 1180 persuadet
614 1125 672 1166 uti
695 1133 895 1168 mercetur
918 1127 1106 1182 agellum.

131 1192 344 1228 mereatur.
375 1201 427 1227 ne
452 1192 491 1228 te
514 1187 647 1242 longis
672 1187 934 1243 ambagibus,
960 1188 1064 1230 ultra

131 1264 254 1304 quam
279 1250 376 1291 satis
401 1256 480 1299 est,
506 1264 655 1299 morer,
682 1265 732 1291 ex
756 1251 882 1292 nitido
906 1251 950 1291 fit
974 1251 1149 1294 rusticus
1173 1258 1294 1307 atque

133 1312 267 1353 sulcos
293 1317 334 1353 et
358 1311 493 1352 vineta
515 1318 652 1367 crepat
675 1327 804 1362 mera,
829 1320 1043 1367 praeparat
1065 1314 1210 1364 ulmos,

131 1373 358 1414 immoritur
382 1373 526 1414 studiis
551 1379 592 1415 et
614 1388 750 1415 amore
776 1375 950 1416 senescit
973 1374 1160 1416 habendi.

132 1449 273 1476 verum
298 1434 367 1477 ubi
391 1449 488 1476 oves
513 1435 638 1485 furto,
664 1435 805 1477 morbo
828 1436 982 1490 periere
1007 1437 1198 1490 capellae,

133 1511 248 1552 spem
270 1497 439 1538 mentita
462 1511 598 1552 seges,
623 1496 697 1539 bos
723 1503 784 1539 est
808 1504 972 1538 enectus
998 1499 1160 1548 arando,

132 1558 313 1600 offensus
338 1559 496 1600 damnis
522 1559 656 1600 media
679 1559 729 1599 de
753 1564 871 1600 nocte
895 1559 1097 1600 caballum

133 1620 271 1675 arripit
293 1620 501 1674 iratusque
524 1620 704 1675 Philippi
727 1620 855 1660 tendit
879 1621 931 1662 ad
954 1621 1088 1662 aedes.

132 1696 254 1736 quem
278 1682 398 1723 simul
423 1682 610 1737 adspexit
634 1681 822 1723 scabrum
845 1682 1131 1736 intonsumque
1154 1683 1381 1739 Philippus,

133 1744 276 1794 durus,
302 1745 374 1794 ait,
400 1743 557 1794 Vultei,
582 1744 702 1785 nimis
727 1750 983 1798 attentusque
1007 1745 1155 1786 videris

133 1819 223 1847 esse
247 1805 358 1846 mihi.
388 1806 456 1860 pol
479 1820 544 1846 me
568 1806 779 1856 miserum,
803 1812 989 1861 patrone,
1014 1821 1193 1856 vocares,

134 1867 170 1909 si
192 1866 335 1917 velles,
360 1866 508 1921 inquit,
533 1882 675 1908 verum
699 1867 799 1908 mihi
820 1882 969 1922 ponere
993 1883 1153 1910 nomen.

132 1929 243 1982 quod
266 1934 304 1970 te
327 1943 401 1984 per
423 1929 589 1984 genium
612 1929 876 1983 dextramque
899 1930 1078 1983 deosque
1101 1929 1277 1972 Penates

133 1990 302 2032 obsecro
326 1997 366 2031 et
389 1990 585 2040 obtestor,
611 1990 718 2031 vitae
741 2005 806 2031 me
829 1991 953 2032 redde
976 1991 1110 2046 priori.

133 2052 203 2106 qui
227 2052 352 2093 semel
375 2052 579 2107 adspexit,
605 2058 800 2106 quantum
825 2052 992 2094 dimissa
1014 2053 1149 2107 petitis

133 2119 356 2168 praestent,
381 2120 536 2155 mature
561 2114 700 2155 redeat
721 2119 958 2168 repetatque
981 2114 1131 2155 relicta.

133 2174 265 2215 metiri
290 2189 332 2216 se
357 2189 558 2228 quemque
584 2189 657 2216 suo
682 2174 846 2216 modulo
869 2189 917 2216 ac
940 2175 1044 2229 pede
1067 2189 1209 2216 verum
1233 2182 1307 2218 est.

566 2305 882 2345 EPISTOLA
912 2306 1031 2344 Vm.

462 2401 528 2432 AD
556 2400 748 2432 CELSUM
771 2399 1143 2433 ALBINOVANUM.

136 2483 260 2526 Celso
283 2484 460 2539 gaudere
485 2489 524 2524 et
547 2482 651 2524 bene
674 2498 761 2525 rem
784 2498 925 2538 gerere
948 2482 1209 2524 Albinovano

133 2544 260 2587 Musa
282 2551 424 2600 rogata
447 2544 572 2595 refer,
597 2545 732 2586 comiti
757 2544 992 2598 scribaeque
1016 2543 1200 2585 Neronis.

135 2606 170 2648 si
193 2612 358 2661 quaeret
380 2606 479 2660 quid
502 2621 639 2662 agam,
665 2606 730 2647 dic
754 2605 880 2648 multa
903 2611 943 2646 et
964 2604 1133 2661 pulchra
1155 2604 1373 2647 minantem
