1592 2840
145 223 262 260 XLIV
641 235 692 260 DE
717 234 805 260 vrrA
827 235 875 260 ET
899 234 1058 260 scurrus

139 306 239 340 modi
262 306 354 341 locis
377 309 419 340 ut
440 305 583 341 urbana
606 318 650 342 ac
672 307 838 342 modesta
861 307 936 342 vita
949 306 1128 341 communi
1141 316 1222 342 esse
1235 306 1412 351 desumta,
1427 307 1492 342 sed
1502 308 1556 342 ta·

141 354 311 385 cernatur
325 351 454 395 ironia,
468 354 590 386 tamen
600 351 745 386 omnino
761 351 837 402 qui-
861 363 943 386 men
961 351 1013 386 ita
1032 352 1211 395 desumta,
1230 354 1272 386 ut
1288 352 1336 386 ad
1354 352 1554 386 movendos

140 396 223 430 dem
234 399 382 440 poetam
393 396 530 441 ingenii
544 397 598 430 sui
611 396 836 430 mediocrita-
863 407 992 431 sensus
1007 395 1409 441 etaffectuslegentium
1416 407 1555 430 accom-

139 443 213 474 tem
233 439 451 485 significare,
472 440 534 485 qui
552 441 838 476 Horatianorum
861 440 1110 475 modatissima
1135 440 1217 474 sint.
1275 440 1419 475 Etenim
1447 441 1555 475 modo

141 484 340 519 carminum
363 485 524 519 indolem
548 485 754 520 accuratius
779 495 837 519 co·
862 490 974 530 poeta
993 485 1152 520 suaviter
1170 488 1209 519 et
1219 485 1359 520 urbane
1379 496 1459 520 cum
1472 484 1558 519 ami-

140 530 347 574 gnoverint,
369 533 467 564 certe
485 530 585 564 haud
603 530 707 564 inviti
731 529 837 580 largi·
863 530 915 564 cis
933 529 1086 574 iocatur,
1105 533 1148 563 ut
1166 540 1276 581 quum
1294 540 1358 564 eos
1377 530 1425 564 ad
1438 529 1558 564 convi-

140 577 256 608 entur.
302 574 453 609 Habent
476 575 569 608 enim
593 575 657 609 illa
681 585 767 608 sane
786 585 837 607 ιιι·
862 574 920 609 via
932 578 969 609 et
983 577 1272 619 compotationes
1285 573 1431 618 invitat,
1449 574 1556 608 modo

141 618 488 663 canditatempotius
497 625 602 670 atque
612 618 838 653 dulcedinem
862 619 987 653 iocose
999 622 1135 653 tractat
1146 629 1205 653 res
1219 619 1432 663 amatorias3
1448 618 1557 652 modo

140 674 249 709 quam
261 663 507 706 maiestatem3
524 668 641 699 nitent
652 675 710 697 ma
738 663 767 696 is
780 674 838 697 ve—
863 664 1047 708 sapienter
1068 663 1215 697 vivendi
1238 667 1436 708 praecepta
1466 673 1559 697 com-

140 712 286 743 nustate
302 712 338 742 et
350 708 469 753 gratia
482 720 588 754 quam
598 709 703 742 altitu
732 708 788 742 ine
804 712 840 741 et
862 708 1011 742 mendat
1045 708 1278 753 suaviterque
1311 708 1483 752 illustrat,
1520 710 1562 741 ut

138 752 412 798 magnificentia
436 753 646 797 splendent,
683 753 838 797 denique
865 764 974 797 quum
991 752 1280 797 temperantiam,
1300 752 1410 787 animi
1427 762 1559 797 aequa-

141 797 282 842 spirant
294 797 416 842 potius
424 798 648 832 moderatam
657 797 839 842 quandam
863 796 1283 841 bilitatem,modestiam,
1296 797 1481 842 pietatem,
1489 796 1560 831 for-

140 841 329 876 lenitat-em
348 846 384 876 et
396 842 709 894 tranquillitatem,
732 852 840 886 quam
864 841 1056 876 titudinem
1075 842 1212 885 laudat,
1238 845 1302 875 aut
1325 842 1372 876 ad
1389 852 1560 886 praesen-

139 885 304 921 fervidae
333 887 463 921 mentis
493 898 639 932 igneum
674 887 840 920 ardorem
865 886 953 920 tium
966 886 1146 920 bonorum
1157 886 1314 920 fructum
1333 887 1561 928 cohortatur,

143 931 317 966 referunt.
371 931 598 976 Quamquam
622 935 756 976 poetae
780 941 840 974 pc—
865 931 973 964 modo
988 931 1158 974 deplorat
1170 930 1561 965 acdetestaturaetatis

146 979 237 1019 ctus,
259 975 376 1010 sicubi
395 977 454 1010 vel
473 979 768 1021 argumentorum
781 975 840 1009 vel
866 976 963 1019 vitia,
978 975 1178 1018 avaritiam,
1197 975 1387 1019 luxuriam,
1401 974 1562 1020 impieta—

141 1024 344 1065 temporum
357 1020 518 1055 rationes
531 1021 582 1055 ita
599 1020 732 1062 ferunt,
759 1019 841 1053 sub·
865 1024 955 1063 tem,
973 1020 1081 1054 modo
1097 1020 1260 1054 celebrat
1278 1021 1459 1054 clarorum
1470 1020 1562 1053 viro-

144 1065 229 1100 inde
250 1066 358 1099 etiam
378 1065 628 1100 vehementius
639 1063 840 1107 incalescit,
866 1076 943 1098 rum
956 1065 1086 1098 laudes
1100 1068 1164 1099 aut
1176 1065 1332 1109 hymnos
1351 1065 1389 1098 in
1402 1065 1491 1099 deos
1506 1075 1563 1098 ca—

144 1110 257 1144 veluti
277 1121 386 1154 quum
405 1121 585 1154 generosa
604 1121 684 1144 cum
702 1110 842 1143 iracun-
866 1109 936 1152 nit3
960 1109 1069 1143 modo
1093 1119 1222 1160 preces
1248 1109 1295 1143 ad
1315 1109 1404 1143 deos
1422 1119 1488 1153 pro
1512 1109 1562 1143 in-

146 1154 205 1188 dia
228 1154 267 1188 in
291 1154 378 1188 vitia
401 1154 532 1189 aetatis
557 1154 754 1197 invehitur,
780 1156 844 1187 aut
868 1153 1080 1188 columitate
1094 1151 1565 1198 imperiiautCaesarisAu-

146 1199 298 1233 virtutes
312 1199 488 1233 maiorum
497 1199 668 1240 celebrat,
683 1203 747 1232 aut
754 1197 841 1232 Cae·
867 1198 966 1244 gusti
978 1198 1085 1242 facit,
1103 1199 1211 1232 modo
1223 1198 1411 1243 publicam
1424 1198 1482 1232 vel
1494 1197 1564 1242 pri·

147 1243 238 1278 saris
252 1243 444 1278 Octaviani
463 1244 520 1277 vel
540 1243 667 1288 populi
686 1242 843 1277 Romani
868 1246 989 1277 vatam
1017 1243 1194 1277 laetitiam
1224 1243 1271 1277 ob
1301 1254 1360 1277 res
1389 1253 1563 1287 prospere

142 1287 371 1322 maiestatem
402 1288 649 1333 singularibus
673 1287 844 1322 laudibus
869 1291 993 1333 gestas
1019 1288 1183 1322 declarat
1207 1291 1272 1322 aut
1291 1287 1498 1322 securitatis
1521 1298 1565 1320 ac

146 1333 299 1368 extollit.
337 1333 430 1367 Tum
449 1333 544 1368 enim
556 1337 668 1378 poeta
682 1332 845 1383 exsurgit
868 1332 1144 1378 tranquillitatis
1177 1343 1263 1367 suae
1290 1343 1418 1366 sensus
1449 1331 1566 1383 aperit

147 1378 224 1412 fere
237 1378 358 1421 altius,
377 1381 420 1411 ut
435 1378 618 1412 interdum
633 1378 742 1412 etiam
761 1378 844 1410 Pm-
870 1388 951 1411 cum
976 1377 1071 1422 grati
1091 1377 1202 1411 animi
1214 1377 1277 1421 pia
1294 1375 1566 1411 testificatione.

147 1422 307 1457 daricam
326 1423 517 1456 audaciam
530 1423 703 1457 aemulari
722 1421 845 1455 videa·
868 1423 923 1456 Ex
942 1422 1074 1467 quibus
1096 1421 1263 1456 omnibus
1286 1421 1459 1455 facillime
1483 1431 1565 1465 pro-

147 1471 216 1511 tur,
242 1470 283 1501 ut
307 1465 424 1501 Carm.
444 1467 472 1501 Ι.
485 1467 517 1501 2.
535 1467 563 1501 Ι.
578 1467 671 1500 121.
684 1467 738 1500 35.
752 1466 798 1500 Π.
813 1467 843 1500 1.
867 1467 966 1501 fecto
1003 1466 1232 1511 intelligitur,
1269 1470 1416 1511 poetam
1439 1465 1477 1499 in
1506 1465 1566 1500 de-

146 1512 194 1546 ΙΙ.
208 1512 260 1546 13.
279 1511 326 1545 Π.
342 1512 394 1546 18.
414 1511 462 1546 ΙΙ.
479 1512 531 1545 19.
551 1512 619 1546 ΙΙΙ.
631 1512 663 1546 3.
678 1516 715 1546 et
732 1511 799 1545 III.
812 1511 843 1545 5.
869 1511 1027 1556 ligendis
1059 1510 1257 1545 carminum
1289 1521 1436 1545 suorum
1461 1521 1566 1555 argu·

146 1557 214 1590 111.
227 1557 257 1590 6.
272 1555 338 1590 III.
352 1556 406 1590 25.
426 1557 488 1591 IV.
501 1556 533 1590 4.
547 1556 611 1591 IV.
626 1556 679 1590 14.
693 1557 739 1591 al.
774 1556 844 1591 Ve-
869 1555 1000 1590 mentis
1024 1555 1195 1600 prudenti
1229 1555 1382 1589 consilio
1408 1556 1460 1589 ita
1485 1565 1565 1589 esse

146 1612 226 1635 rum
239 1601 331 1635 haec
339 1600 485 1646 quidem
494 1601 653 1635 carmina
666 1605 706 1634 ut
715 1601 844 1635 ceteris
868 1604 1113 1643 versatum,ut
1121 1611 1230 1644 quum
1240 1599 1296 1633 sui
1307 1598 1567 1644 ipsiusingenii

149 1646 222 1680 sint
252 1645 464 1679 sublimiora
487 1650 598 1690 atque
629 1645 842 1689 excelsiora,
869 1645 1063 1690 animique,
1083 1648 1158 1678 tum
1181 1655 1300 1678 rerum
1324 1649 1434 1689 atque
1454 1643 1566 1678 homi-

146 1694 268 1725 tamen
286 1690 322 1723 in
335 1690 543 1724 universum
558 1694 654 1725 certe
668 1690 843 1724 Horatius
868 1702 965 1733 num,
986 1689 1202 1734 quibuscum
1227 1689 1443 1723 coniunctus
1467 1687 1566 1732 vixit,

146 1735 311 1770 altiorem
323 1734 629 1780 ingeniivolatum
638 1734 843 1770 cautissime
870 1733 1187 1779 diligentissimam
1199 1733 1378 1768 rationem
1386 1732 1566 1767 habuerit.

144 1779 301 1814 tentavit
331 1783 368 1813 et
390 1779 427 1813 in
451 1779 636 1824 plerisque
666 1780 844 1823 poematis
902 1779 975 1814 Sed
995 1790 1104 1823 quum
1123 1778 1287 1812 delectus
1305 1778 1374 1812 iste
1393 1777 1566 1812 materiae

147 1824 221 1859 suis
236 1823 357 1858 suavis
369 1824 492 1869 potius
501 1828 537 1858 et
549 1823 728 1858 iucundus
738 1836 845 1869 quam
871 1824 1070 1858 carminum
1101 1822 1310 1857 cautissime
1341 1822 1388 1856 sit
1411 1833 1434 1857 a
1456 1825 1567 1866 poeta

146 1869 265 1904 audax
300 1872 337 1903 et
373 1869 538 1902 sublimis
574 1868 690 1903 videri
719 1869 845 1903 voluit.
870 1869 1154 1911 institutus,tum
1162 1868 1270 1902 etiam
1283 1867 1436 1901 formam
1444 1877 1568 1901 eorum

145 1914 321 1948 Nimirum
337 1914 432 1948 bene
456 1914 518 1948 ille
535 1917 689 1948 noverat
706 1914 845 1959 ingenii
869 1914 980 1948 talem
994 1911 1146 1956 effinxit,
1163 1923 1256 1964 quae
1272 1911 1477 1956 elegantiae
1492 1912 1566 1945 lau-

148 1959 203 1992 sui
216 1958 429 2003 vires,ultra
443 1970 533 2004 quas
546 1959 760 2003 procedere,
774 1958 845 1992 nisi
870 1959 952 1992 dem
971 1969 1079 2002 quam
1097 1967 1249 1991 maxime
1271 1960 1568 2000 consequeretur.

146 2007 371 2048 provocante
392 2002 591 2048 aliquando
605 2003 844 2038 insolentiore
869 2002 995 2037 Facile
1017 2002 1112 2036 enim
1131 2001 1289 2046 pervidit
1301 2000 1490 2044 Horatius,
1504 2010 1567 2044 po-

146 2048 269 2093 aliquo
289 2047 399 2082 animi
416 2047 565 2093 impetu,
590 2059 776 2093 nunquam
794 2051 845 2082 te·
869 2048 1020 2092 pulares
1041 2057 1127 2081 suos
1151 2045 1316 2091 inprimis
1334 2045 1373 2079 in
1389 2045 1495 2097 poesi
1516 2045 1568 2089 ly-

146 2103 243 2126 mere
257 2104 367 2127 ausus
382 2096 447 2127 est.
869 2092 946 2126 rica
964 2092 1126 2125 nondum
1146 2102 1189 2125 ea
1204 2091 1278 2126 sive
1298 2090 1477 2125 felicltate
1492 2089 1567 2123 sive

178 2135 301 2182 Atque
322 2148 402 2171 cum
421 2137 592 2182 prudenti
609 2137 680 2171 hoc
699 2136 845 2182 generis
871 2136 1086 2171 dexteritate
1097 2135 1486 2176 elaboravisse,utnon
1495 2145 1567 2167 atn-

148 2181 283 2227 lyricae
295 2181 420 2226 poesis
434 2182 580 2216 delectu
591 2182 752 2226 proxime
762 2192 844 2216 con-
868 2181 964 2233 plius
978 2180 1015 2214 in
1029 2191 1072 2215 ea
1084 2181 1202 2214 veteris
1213 2181 1350 2225 vestiyia
1363 2180 1461 2220 ruris,
1476 2188 1568 2223 quae

148 2227 312 2261 iunctum
321 2230 376 2261 est
389 2226 497 2260 etiam
511 2226 610 2261 aliud
625 2226 723 2271 quid,
746 2227 845 2271 quod
869 2236 949 2270 ipse
968 2225 1084 2269 Epist.
1103 2225 1150 2259 ΙΙ.
1164 2225 1286 2268 1,116.
1306 2223 1406 2267 dicit,
1427 2221 1567 2267 conspi-

148 2271 396 2323 etipsumsine
406 2271 517 2305 dubio
527 2282 569 2305 eo
584 2271 709 2314 valuit,
718 2275 759 2304 ut
770 2270 844 2304 Ho-
871 2272 1049 2304 cerentur.
1095 2269 1227 2314 Itaque
1250 2270 1289 2303 in
1311 2269 1383 2303 hoc
1406 2266 1567 2311 inprimis

146 2319 262 2350 ratius
283 2326 368 2360 egre
398 2315 422 2348 ii
445 2319 578 2360 poetae
598 2315 702 2360 lyrici
721 2319 844 2360 partes
871 2314 1067 2348 carminum
1081 2325 1214 2358 genere
1223 2313 1568 2348 Graecorumartem

146 2363 319 2396 tueretur.
364 2327 516 2405 §elegit
539 2359 634 2394 enim
657 2361 719 2394 ille
739 2359 846 2394 etiam
869 2359 1121 2403 rationemque
1140 2358 1353 2393 imitandam
1370 2357 1568 2402 exprimen-

149 2417 194 2441 ea
226 2404 423 2439 carminum
448 2415 593 2438 suorum
618 2408 844 2450 argumenta,
871 2405 953 2437 dam
981 2414 1027 2437 ue
1047 2414 1127 2437 esse
1148 2403 1346 2437 arbitratus
1359 2405 1426 2436 est.
1461 2400 1569 2442 Quod

149 2461 244 2496 quae
262 2460 337 2483 non
355 2449 463 2483 modo
485 2460 550 2483 suo
570 2449 684 2494 ipsius
697 2448 845 2494 ingenio
872 2459 973 2482 consi
990 2447 1062 2481 ium
1079 2452 1120 2481 ut
1137 2447 1215 2492 ipse
1236 2457 1414 2492 prospero
1434 2455 1567 2490 operae

149 2495 215 2530 sed
228 2494 336 2529 etiam
348 2494 585 2539 temporibus,
601 2494 733 2539 quibus
746 2493 845 2536 vixit,
872 2503 1046 2527 successu
1063 2491 1153 2526 inire
1166 2496 1303 2536 posset,
1323 2495 1397 2525 tam
1410 2489 1568 2535 singula-

149 2539 667 2575 essentaccommodatissima.
692 2539 846 2573 Namut-
871 2537 919 2571 ris
934 2537 1115 2582 quaedam
1132 2536 1270 2582 ingenii
1289 2535 1446 2571 felicitas
1461 2545 1567 2579 quam

150 2595 221 2619 cun
248 2595 293 2618 ue
303 2595 346 2618 ea
358 2584 395 2618 in
407 2583 525 2618 varias
535 2595 578 2618 ac
586 2584 748 2618 diversas
757 2583 846 2617 clas·
872 2581 1061 2616 doctrinae
1074 2581 1168 2615 ratio
1183 2585 1220 2615 et
1234 2579 1474 2615 conformatio
1485 2577 1567 2612 effe-

152 2640 210 2663 ses
219 2595 593 2672 descripseris,tamen
602 2628 693 2662 illud
701 2628 847 2674 quidem
872 2627 931 2661 cit.
960 2625 1099 2660 Polluit
1111 2626 1206 2660 enim
1218 2630 1371 2660 naturae
1385 2622 1565 2674 beneficiq

151 2677 290 2708 certum
303 2678 340 2707 et
362 2674 589 2717 exploratum
606 2673 773 2716 habetur,
794 2683 847 2706 ar·
872 2682 915 2706 eo
939 2671 1084 2716 pulchri
1105 2671 1322 2716 venustique
1347 2679 1473 2711 sensu,
1505 2678 1567 2712 qui

151 2722 324 2767 gumenta
350 2717 513 2765 ipsorum
542 2717 619 2752 fere
652 2718 697 2753 de
727 2717 848 2752 media
871 2715 980 2751 etiam
992 2715 1128 2761 lyricae
1141 2715 1266 2762 poesis
1278 2715 1350 2748 vim
1362 2716 1473 2760 atque
1485 2722 1566 2758 gra-
