1546 2820
463 123 737 161 CARMINUM
759 121 858 159 LIB.
877 122 908 159 Ι.

54 242 206 287 nervos
228 235 352 286 atque
379 235 515 272 cutem
539 229 662 272 morti
686 234 950 272 concesserat
974 235 1100 280 atrae,

110 293 246 336 iudice
269 299 328 344 te,
352 307 437 336 non
460 292 651 335 sordidus
676 298 820 334 auctor

50 345 223 411 {arurae
246 356 427 411 verique.
455 356 529 398 sed
553 370 696 398 omnes
720 370 805 398 una
827 361 968 397 manet
991 370 1088 406 nOX,

108 425 151 463 >et
174 419 374 462 calcanda
397 419 525 462 semel
549 419 617 461 via
639 418 729 461 leti!

46 502 97 539 ³:
119 487 154 524 ·t
175 482 278 525 alios
301 482 454 525 Furiae
478 489 596 524 torvo
622 481 861 538 spectacula
883 481 1013 524 Marti
1021 498 1032 533 ;

109 545 233 589 exitio
258 552 322 589 est
345 546 515 588 avidum
537 560 652 588 mare
675 545 833 596 nautis3

41 605 182 657 ’ξι-πίει
205 623 352 652 senum
377 624 426 652 ac
447 609 647 651 iuvenum
672 609 898 651 densentur
921 608 1087 659 funera,
1113 608 1271 651 nullmn

109 686 233 714 saeva
257 678 382 729 caput
404 672 657 728 Proserpina
680 671 801 729 fugit.
828 697 882 702 -

31 749 118 778 *me
142 749 309 790 quoque
333 735 482 778 devexi
504 736 674 792 rapidus
700 750 838 778 comes
866 733 1036 778 Orionis

107 797 286 854 Illyricis
310 798 444 841 Notus
470 798 607 842 obruit
630 799 767 841 undis.

53 866 95 904 at
116 867 180 912 tu,
205 867 351 913 nauta,
377 877 510 919 vagae
533 877 586 904 ne
609 876 733 918 parce
757 861 964 919 malignus
990 876 1139 904 arenae

107 924 271 968 ossibus
297 931 338 968 et
362 925 488 982 capiti
510 925 725 968 inhumato

50 988 292 1045 particulam
316 989 433 1041 dare;
459 989 537 1040 sic,
563 989 857 1044 quodcumque
880 988 1104 1031 minabitur
1127 988 1268 1032 Eurus

107 1050 300 1095 fluctibus
324 1052 564 1109 Hesperiis,
591 1051 832 1095 Venusinae

52 1113 281 1170 plectantur
306 1116 454 1167 silvae,
481 1122 522 1158 te
548 1115 722 1172 sospite,
748 1115 960 1171 multaque
986 1130 1158 1167 merces,

106 1178 216 1220 unde
239 1185 394 1235 potest,
420 1178 496 1222 tibi
520 1178 674 1221 defluat
698 1194 832 1234 aequo

51 1240 102 1284 ab
125 1241 228 1284 Iove
250 1241 526 1299 Neptunoque
552 1242 659 1285 sacri
684 1242 855 1286 custode
880 1241 1063 1285 Tarenti.

106 1303 285 1362 negligis
309 1305 525 1348 immffl'itis
550 1305 780 1348 nocituram

50 1368 268 1424 postmodo
291 1373 332 1411 te
355 1368 463 1411 natis
488 1368 679 1410 fraudem
703 1368 984 1411 committere?
1008 1368 1095 1411 fors
1121 1375 1161 1411 et

105 1430 246 1474 debita
266 1431 358 1475 iura
380 1432 577 1487 vicesque
602 1432 806 1488 superbae

50 1498 90 1536 te
113 1501 306 1538 maneant
327 1495 466 1552 ipsum
473 1512 485 1547 ;
509 1494 701 1552 precibus
727 1511 811 1538 non
834 1495 998 1551 linquar
1020 1495 1175 1547 inultis,

105 1562 227 1612 teque
249 1557 415 1614 piacula
437 1558 552 1600 nulla
573 1558 794 1602 resolvent.

23 1667 25 1670 ,
52 1631 301 1675 quamquam
324 1621 517 1673 festinas,
544 1636 629 1664 non
653 1628 716 1663 est
740 1636 857 1664 mora
880 1621 1024 1679 longa3
1048 1620 1189 1664 licebit

12 1684 23 1691 ”
105 1682 253 1727 iniecto
277 1690 339 1726 ter
361 1684 530 1741 pulvere
556 1699 709 1728 curras.

446 1938 709 1979 CARMEN
738 1939 908 1979 XXIX.

510 2047 584 2078 AD
620 2046 844 2080 ICCIUM.

220 2151 324 2202 Icci,
349 2151 480 2195 beatis
506 2168 616 2195 nunc
640 2152 831 2196 Arabum
855 2154 1016 2197 invides

219 2215 356 2271 gazis,
383 2221 424 2258 et
447 2230 584 2258 acrem
609 2217 798 2260 militiam
820 2233 943 2273 paras

276 2292 359 2319 non
384 2284 478 2321 ante
502 2279 676 2322 devictis
703 2279 892 2323 Sabaeae

332 2341 519 2399 regibus,
545 2342 812 2399 horribilique
835 2343 966 2386 Medo

222 2444 352 2487 nectis
377 2446 568 2488 catenas?
592 2460 700 2501 quae
725 2446 800 2489 tibi
822 2448 1043 2503 virginum,

223 2521 376 2562 sponso
398 2516 565 2560 necato,
589 2508 767 2552 barbara
790 2512 966 2553 serviet?

277 2585 379 2626 puer
402 2572 495 2626 quis
521 2587 574 2614 ex
597 2571 693 2615 aula
717 2574 875 2629 capillis

335 2634 387 2675 ad
411 2635 606 2691 cyathum
631 2641 833 2679 statuetur
855 2638 1004 2688 unctis,

1307 114 1364 159 23

1390 370 1431 401 15

1386 686 1430 717 20

1385 1003 1429 1035 25

1384 1320 1428 1352 30

1384 1635 1427 1667 35
