1500 2820
150 492 192 523 35

149 800 192 831 40

149 1109 192 1140 45

152 1418 194 1450 50

151 1728 192 1758 55

153 2036 195 2067 60

153 2346 194 2377 65

155 2655 194 2686 70

219 182 299 224 120

650 192 693 234 Q.
712 191 924 227 HORATII
941 190 1121 228 FLACCI

381 293 504 336 Nessi
526 308 685 345 cruore,
710 309 786 336 nec
811 293 960 337 Sicana
982 294 1140 337 fervida

382 355 516 397 virens
539 355 582 396 in
604 355 742 398 Aetna
763 356 937 398 flamma.
963 363 1024 406 tu,
1050 357 1180 398 donec
1202 356 1303 398 cinis

381 417 584 458 iniuriosis
609 417 744 459 aridus
769 418 900 459 ventis
923 418 1042 468 ferar,

383 478 490 520 cales
514 479 682 520 venenis
706 478 870 521 officina
894 478 1110 521 Colchicis.

382 554 485 594 quae
508 539 625 581 finis?
648 546 718 581 aut
740 541 851 594 quod
873 555 939 582 me
962 547 1099 582 manet
1123 540 1392 596 stipendium?

382 601 524 643 effare:
549 601 682 643 iussas
708 616 800 644 cum
823 602 904 644 fide
926 617 1079 657 poenas
1102 602 1225 653 luam,

381 669 546 719 paratus
571 663 752 718 expiare,
779 678 852 705 seu
873 664 1109 719 poposceris

382 730 542 766 centum
566 724 779 774 iuvencos,
806 725 891 766 sive
915 725 1101 767 mendaci
1123 725 1212 780 lyra

382 785 494 827 voles
520 786 671 827 sonari:
699 792 770 837 „tu
791 786 957 841 pudica,
983 792 1026 827 tu
1049 786 1178 842 proba

381 846 680 903 perambulabis
705 854 815 889 astra
839 848 950 889 sidus
975 850 1181 890 aureum.“

381 909 544 951 infamis
568 908 754 951 Helenae
780 908 929 951 Castor
952 910 1133 952 offensus
1156 909 1258 961 vice,

382 971 585 1024 fraterque
609 971 748 1027 magni
773 970 975 1021 Castoris,
999 971 1097 1013 victi
1118 985 1238 1026 prece

383 1033 545 1074 ademta
568 1032 652 1074 vati
674 1033 885 1075 reddidere
909 1033 1074 1074 lumina.

383 1106 423 1136 et
446 1100 490 1135 tu
514 1119 567 1125 —
590 1100 707 1149 potes
731 1109 826 1136 nam
849 1120 903 1126 —
927 1094 1039 1137 solve
1062 1109 1128 1137 me
1151 1095 1364 1146 dementia,

383 1171 407 1198 o
431 1171 506 1198 nec
528 1156 706 1211 paternis
731 1156 915 1198 obsoleta
938 1156 1138 1208 sordibus,

383 1232 514 1272 neque
537 1218 580 1258 in
604 1217 797 1273 sepulcris
821 1233 1047 1274 pauperum
1069 1219 1246 1274 prudens
1270 1233 1371 1262 anus

385 1279 646 1322 novendiales
672 1280 870 1336 dissipare
892 1280 1093 1336 pulveres.

384 1341 458 1383 tibi
481 1341 680 1397 hospitale
703 1348 845 1397 pectus
871 1348 911 1384 et
933 1357 1057 1397 purae
1080 1357 1238 1393 manus,

385 1410 558 1457 tuusque
582 1409 723 1444 venter
744 1403 1026 1454 Pactumeius,
1051 1410 1092 1445 et
1114 1410 1184 1446 tuo

384 1479 524 1506 cruore
548 1464 692 1507 rubros
717 1465 913 1507 obstetrix
935 1479 1092 1520 pannos
1115 1465 1226 1516 lavit,

382 1532 602 1580 utcumque
626 1527 741 1568 fortis
767 1527 904 1569 exsilis
928 1541 1138 1582 puerpera.

440 1603 566 1630 carm).
600 1587 712 1641 Quid
735 1588 932 1631 obseratis
957 1588 1121 1630 auribus
1145 1587 1282 1630 fundis
1306 1588 1471 1644 preces?

383 1665 467 1692 non
490 1665 590 1691 saxa
612 1650 732 1692 nudis
758 1651 942 1692 surdiora
964 1650 1111 1692 navitis

383 1712 597 1767 Neptunus
622 1711 702 1754 alto
727 1713 859 1754 tundit
883 1712 1075 1754 hibernus
1101 1712 1199 1754 salo.

382 1774 534 1815 inultus
558 1779 604 1814 ut
626 1779 671 1814 tu
693 1773 829 1816 riseris
855 1773 1038 1829 Cotyttia

383 1835 567 1891 vulgata,
594 1849 754 1877 sacrum
776 1835 892 1878 liberi
917 1835 1156 1891 Cupidinis?

385 1903 425 1938 et
446 1897 652 1951 Esquilini
674 1897 859 1952 pontifex
882 1897 1052 1939 venefici

382 1959 548 2014 impune
571 1965 617 2000 ut
638 1959 782 2000 urbem
805 1959 967 2001 nomine
989 1958 1167 2014 impleris
1191 1957 1307 1999 meo?

385 2021 483 2075 quid
506 2021 696 2076 proderat
719 2021 870 2062 ditasse
894 2021 1087 2076 Pelignas
1112 2035 1226 2069 anus,

385 2082 616 2124 velociusve
640 2083 853 2124 miscuisse
878 2082 1081 2124 toxicum?

385 2145 458 2186 sed
481 2144 657 2186 tardiora
679 2144 764 2186 fata
787 2151 826 2186 te
850 2144 955 2186 votis
979 2149 1160 2185 manent:

383 2207 544 2262 ingrata
566 2206 713 2247 misero
738 2206 821 2247 vita
844 2206 1030 2248 ducenda
1053 2210 1115 2246 est
1137 2204 1179 2245 in
1202 2203 1292 2253 hoc,

386 2268 503 2309 novis
528 2273 573 2308 ut
595 2282 725 2321 usque
751 2274 944 2322 suppetas
969 2265 1188 2308 laboribus.

386 2335 497 2385 optat
520 2329 697 2383 quietem
721 2328 886 2383 Pelopis
911 2328 1025 2370 infidi
1047 2333 1173 2382 pater,

386 2405 510 2446 egens
535 2390 735 2446 benignae
760 2389 957 2431 Tantalus
983 2403 1143 2443 semper
1165 2387 1299 2442 dapis3

385 2458 498 2508 optat
520 2451 787 2494 Prometheus
813 2451 1016 2507 obligatus
1042 2450 1145 2500 aliti3

384 2520 496 2569 optat
520 2528 708 2569 supremo
733 2513 927 2555 collocare
954 2511 1156 2567 Sisyphus

385 2577 427 2617 in
450 2582 586 2618 monte
611 2591 774 2626 saxum3
800 2575 873 2616 sed
896 2580 1034 2616 vetant
1055 2574 1167 2628 leges
1192 2571 1315 2614 Iovis.

386 2637 497 2680 voles
521 2638 642 2679 modo
667 2637 756 2679 altis
781 2636 941 2678 desilire
965 2634 1154 2687 turribus,
