1592 2808
659 239 710 265 DE:
733 239 823 266 VITA
845 239 894 266 ΕΤ
917 238 1076 267 scmP'ns

159 235 277 266 LXVI

159 316 269 347 antea
294 312 415 347 animo
442 314 669 356 susceptum,
696 311 857 348 laetitiae
883 324 992 359 quam
1011 313 1122 358 epodi
1141 315 1252 358 atque
1271 313 1432 349 carmina
1447 313 1576 351 melica

159 357 350 402 indulgere
375 356 513 402 coepit,
545 357 589 391 de
614 355 738 391 futuro
761 357 856 392 bene
882 362 918 392 et
936 357 1021 392 olim
1041 369 1184 403 semper
1199 357 1418 402 placuerunt
1436 358 1575 403 sapien·

159 402 330 446 speravit,
345 402 503 447 denique
516 401 611 436 vitae
626 402 720 436 bene
733 402 856 437 beate—
880 402 979 437 tibus
1004 407 1042 438 et
1064 414 1150 438 vero
1178 402 1287 438 etiam
1315 407 1465 448 postero
1490 407 1574 439 tem-

158 457 228 492 que
243 447 434 492 degendae
444 446 732 491 opportunitate,
767 458 854 482 uan-
879 458 968 492 pore
981 448 1191 492 placebunt.

157 495 231 525 tum
245 491 373 536 potuit,
388 502 476 525 usus
490 496 556 526 est.

155 536 276 570 animo
302 537 411 570 etiam
430 536 569 581 ingenii
588 547 630 570 ac
650 535 780 571 mentis
803 537 854 570 in-

156 581 260 616 doles
274 581 354 615 fuit.
380 581 474 615 Nam
487 592 597 626 quum
611 581 751 615 acriore
767 592 853 626 quo-

156 625 238 660 dam
264 636 374 660 sensu
397 625 474 660 veri
497 627 659 671 rectique
684 626 852 670 polleret,

154 673 229 704 tum
243 670 352 705 etiam
397 670 557 715 roprium
576 670 647 714 ipsi
665 671 735 704 fuit
752 670 853 715 inge-

153 715 263 759 nium,
290 682 394 761 quod)
412 715 568 749 maxima
590 715 769 750 facilitate
794 727 852 750 res

154 770 330 804 perquam
350 760 512 794 diversas
534 764 693 805 caperet,
718 764 851 794 tracta-

152 808 219 848 ret,
245 805 389 848 poetice
413 805 616 839 intueretur
641 810 751 850 atque
770 805 851 838 illu-

154 852 297 883 straret.
345 850 591 890 Quamobrem
615 861 682 894 pro
713 855 852 894 tempo-

153 905 231 927 rum
257 894 467 928 diversitate
498 905 676 939 perquam
707 894 851 929 diversa

153 939 268 972 coluit
281 939 403 983 poesis
417 950 565 983 genera,
592 943 702 984 atque
722 938 774 973 ita
793 950 850 973 co—

153 982 280 1027 luit,ut
292 983 330 1017 in
342 994 567 1028 unoquoque
581 995 736 1029 magnus
751 987 787 1018 et
799 983 850 1017 in-

151 1027 278 1073 signis,
304 1039 349 1062 ne
369 1028 556 1072 perfectus
576 1029 751 1072 dicamus,
778 1028 849 1063 exi-

152 1076 274 1107 steret.
321 1073 415 1108 Nam
441 1073 540 1117 quod
569 1073 696 1117 paucis
719 1078 850 1107 morta-

605 491 660 526 Ac
675 491 753 525 simi
770 492 856 526 lima
912 492 1034 538 Atque
1050 504 1130 527 cum
1144 493 1214 527 hac
1222 492 1299 527 eius
1312 496 1465 528 naturae
1477 492 1575 538 inge-

879 537 1003 583 niique
1017 538 1140 572 indole
1160 537 1360 573 arctissime
1381 537 1576 573 coniuncta

880 587 964 616 sunt
987 583 1095 617 etiam
1119 582 1234 627 ipsius
1258 582 1394 617 iudicia
1418 582 1463 617 de
1483 582 1576 618 vitae

877 631 977 662 recte
996 628 1269 672 prudenterque
1284 627 1474 673 degendae
1494 627 1576 662 rati-

879 683 960 706 one.
1008 671 1277 716 Saepenumero
1301 682 1324 706 a
1347 671 1433 706 viris
1458 672 1576 706 doctis

879 717 1044 761 quaestio
1060 717 1201 761 agitata
1214 721 1271 751 est
1283 717 1328 751 de
1340 716 1486 751 Horatii
1499 715 1576 768 phi-

877 761 1057 806 losophia.
1094 762 1165 796 Alii
1179 773 1260 795 eum
1272 761 1476 796 feceruntE
1504 772 1576 796 icu-

876 817 993 850 reum,
1021 806 1082 840 alii
1102 805 1280 850 Stoicum,
1307 805 1369 841 alii
1386 805 1465 840 Aca
1492 805 1576 840 emi-

877 862 968 894 cum,
989 851 1051 884 alii
1070 851 1367 895 Peripateticum,
1387 850 1448 886 alii
1469 850 1576 885 etiam

877 894 1127 940 Cyrenaicum,
1143 895 1205 940 qui
1219 907 1257 929 se
1273 899 1386 930 totum
1400 895 1513 929 Aristi
1563 894 1577 930 i

877 940 1064 974 doctrinae
1081 946 1118 974 et
1130 940 1265 974 rationi
1278 940 1490 974 dedidisset.
1515 907 1576 975 ffi-

875 984 1002 1019 mirum
1015 989 1169 1019 noverat
1183 996 1269 1019 sane
1285 985 1462 1019 Horatius
1476 985 1577 1021 varia

876 1029 1056 1064 variorum
1070 1030 1372 1074 philosophorum
1381 1029 1529 1074 placita,
1537 1032 1578 1064 ut

875 1074 1109 1109 modoStoice
1117 1075 1398 1120 philosophatus
1408 1075 1577 1118 sit,modo

151 1117 239 1151 lium
253 1128 274 1151 a
288 1121 418 1151 natura
427 1118 551 1151 datum
565 1122 632 1162 est,
647 1122 687 1151 ut
699 1117 735 1151 in
744 1118 850 1152 hilari
875 1119 1177 1153 Academicorum
1209 1119 1423 1164 sapientiam
1447 1119 1578 1164 proba-

151 1172 195 1196 ac
207 1162 313 1206 tristi,
328 1162 365 1196 in
378 1162 506 1196 iocoso
521 1173 564 1196 ac
578 1173 718 1206 severo,
728 1162 764 1196 in
779 1163 851 1197 levi
875 1164 978 1207 verit,
998 1164 1107 1198 modo
1129 1164 1236 1199 etiam
1255 1164 1517 1216 Epicureorum
1542 1167 1579 1198 et

153 1211 190 1241 et
209 1207 339 1251 grandi
357 1207 480 1251 poesis
500 1218 635 1251 genere
655 1208 849 1251 excellant,
876 1208 1151 1260 Cyrenaicorum
1160 1209 1577 1253 disciplinamamplexus

153 1251 319 1286 oratione
339 1251 448 1286 etiam
469 1251 624 1296 singulis
642 1252 767 1296 poesis
787 1263 849 1303 ge—
876 1254 1055 1288 v1deatur.
1090 1253 1142 1287 At
1165 1253 1258 1288 enim
1284 1264 1370 1288 vero
1395 1254 1490 1288 idem
1515 1254 1576 1289 ille

151 1295 300 1330 neribus
327 1296 496 1330 sollerter
520 1297 715 1342 adaptata3
739 1297 777 1330 id
797 1297 850 1330 1lli
875 1309 950 1332 non
964 1298 1145 1332 dubitavit
1158 1297 1340 1333 Stoicidae
1353 1299 1486 1333 acerbo
1501 1300 1577 1333 sale

152 1341 312 1375 omnium
328 1341 439 1375 cessit
452 1342 712 1386 prosperrime,
738 1347 779 1376 ut
792 1342 850 1375 vix
903 1343 1087 1387 erfricare,
1109 1343 1192 1377 dum
1207 1343 1287 1378 aliis
1306 1343 1398 1377 locis
1413 1354 1576 1378 severam

151 1386 319 1420 omnibus
340 1385 497 1420 saeculis
522 1398 633 1420 unum
651 1388 849 1421 alterumve
876 1355 1082 1422 gtoicorum
1113 1398 1368 1433 germanorum
1398 1388 1576 1423 rationem

150 1435 297 1481 poetam
327 1430 570 1475 reperiamus,
596 1431 658 1476 qui
683 1432 730 1465 ad
756 1432 851 1465 hanc
876 1444 919 1467 ex
933 1433 1052 1467 animo
1066 1433 1217 1477 probat,
1235 1432 1347 1466 irrisit
1359 1433 1576 1467 itemsubin-

149 1475 264 1520 ipsius
300 1475 471 1510 virtutem
511 1480 548 1510 et
587 1476 850 1520 praestantiam
876 1478 921 1512 de
946 1477 1109 1522 argutias
1127 1488 1171 1511 ac
1191 1476 1414 1512 subtilitates
1433 1477 1575 1512 Acade-

150 1521 419 1564 comparandus
435 1520 492 1563 sit,
511 1521 725 1564 praesertim
741 1532 850 1567 quum
874 1522 1049 1556 micorum
1068 1525 1104 1556 et
1122 1521 1466 1566 Peripateticorum,
1492 1522 1576 1556 dum

149 1564 211 1599 ille
226 1565 335 1599 etiam
348 1564 434 1599 trita
442 1564 500 1598 via
513 1565 642 1599 relicta
650 1576 747 1600 nova
760 1577 849 1600 sem·
874 1567 955 1601 aliis
971 1566 1062 1601 locis
1075 1566 1234 1611 ingenue
1249 1566 1397 1610 fatetur,
1407 1577 1487 1601 sese
1502 1566 1574 1601 illis

147 1621 215 1654 per
228 1609 431 1644 excoluerit
443 1609 566 1660 poesis
581 1621 727 1655 genera.
776 1609 849 1644 Sed
875 1612 1008 1646 debere
1021 1611 1232 1656 plurimum3
1254 1611 1444 1655 professus
1457 1615 1514 1646 est
1527 1612 1575 1646 le·

149 1665 229 1688 cum
249 1654 455 1688 admirabili
475 1655 545 1688 ista
570 1654 678 1688 animi
697 1655 733 1689 in
762 1655 850 1690 enii-
873 1656 970 1700 pide,
993 1667 1030 1691 se
1049 1656 1222 1700 pinguem
1242 1660 1279 1690 et
1302 1656 1454 1690 nitidum
1480 1657 1574 1691 bene

150 1709 220 1744 que
246 1698 425 1733 varietate
450 1702 487 1733 et
513 1699 619 1744 quasi
644 1700 742 1734 mobi
760 1700 848 1734 itate
875 1705 1001 1735 curata
1015 1705 1098 1736 cute
1113 1705 1350 1745 conspectum
1369 1701 1411 1734 iri
1426 1700 1574 1745 Epicuri

149 1743 345 1778 coniuncta
358 1744 395 1777 in
408 1743 487 1788 ipso
506 1744 578 1778 fuit
596 1744 703 1778 etiam
725 1745 848 1779 mode·
874 1746 919 1780 de
945 1756 1058 1790 grege
1081 1756 1245 1796 porcum,
1273 1746 1357 1779 dum
1382 1745 1463 1779 aliis
1483 1745 1574 1780 locis

146 1788 241 1823 ratio
257 1789 437 1834 quaedam
450 1799 493 1822 ac
507 1789 760 1833 temperantia,
802 1801 850 1824 ua
873 1794 1151 1835 temperantiam
1169 1794 1206 1824 et
1225 1790 1320 1824 vitae
1345 1790 1574 1825 mediocrita-

147 1844 193 1868 ne
209 1834 279 1867 sibi
293 1834 441 1867 nimium
462 1833 665 1868 confideret
683 1839 747 1868 aut
765 1846 788 1878 p
806 1846 848 1868 us
873 1839 946 1869 tem
975 1839 1161 1880 tamquam
1191 1835 1338 1870 unicum
1361 1834 1501 1869 fontem
1531 1845 1575 1869 ac

147 1877 245 1912 iusto
271 1878 491 1923 indulgeret,
517 1878 576 1912 vel
601 1878 710 1913 etiam
728 1890 848 1914 rerum
898 1879 1089 1924 rincipium
1102 1890 1210 1914 verae
1224 1880 1320 1914 vitae
1334 1879 1575 1914 felicitatisac

148 1927 378 1958 externarum
402 1923 541 1957 nullam
566 1923 716 1958 duceret
738 1923 847 1958 ratio·
872 1891 1060 1958 lieatitatis
1085 1924 1299 1969 gravissime
1325 1925 1572 1968 commendat3

147 1979 246 2012 nem,
272 1967 398 2013 utique
425 1972 570 2002 cautum
588 1967 668 2002 fuit.
716 1969 847 2010 Quam·
874 1969 1031 2014 denique
1047 1968 1479 2013 secundumAristippum
1493 1979 1574 2004 sese

149 2013 275 2047 obrem
299 2013 336 2046 in
357 2012 454 2047 omni
472 2013 548 2047 vita
570 2013 689 2047 tenuit
710 2013 847 2048 medio·
872 2014 1063 2058 professus
1077 2018 1134 2048 est
1145 2025 1203 2048 res
1218 2014 1299 2058 sibi,
1308 2024 1382 2048 non
1397 2025 1435 2048 se
1449 2014 1572 2058 rebus,

149 2059 326 2101 critatem,
341 2058 378 2091 in
391 2057 496 2101 poesi
509 2061 630 2092 autem
642 2058 848 2093 factitanda
874 2058 1094 2103 subiungere
1109 2058 1245 2102 conari,
1260 2069 1370 2103 quum
1383 2062 1504 2092 tamen
1518 2069 1573 2092 rc-

146 2101 198 2136 ita
217 2102 287 2137 sibi
306 2102 533 2146 temperavit,
554 2106 596 2136 ut
614 2114 658 2137 ne
678 2114 848 2147 umquam
872 2114 958 2138 vera
976 2103 1202 2148 temporibus
1220 2114 1296 2138 non
1314 2114 1386 2137 uno
1399 2103 1508 2137 modo
1522 2102 1574 2136 in-

146 2151 315 2190 tentaret,
350 2147 560 2181 uodvirium
571 2148 847 2182 suarummodu-
874 2148 1041 2182 serviisse
1055 2147 1270 2193 reperiatur.
1306 2147 1481 2183 Nimirum
1499 2158 1573 2182 non

146 2192 221 2226 lum
234 2203 321 2226 exce
351 2202 411 2226 cre
426 2191 621 2226 videretur.
664 2193 744 2233 Quo
759 2192 847 2226 faci·
872 2192 943 2227 fuit
954 2192 1130 2227 Horatius
1148 2204 1308 2238 unquam
1328 2191 1395 2227 ulli
1412 2191 1573 2243 philoso-

147 2236 217 2270 lius
234 2238 343 2271 ctiam
363 2236 520 2270 adscivit
539 2237 787 2271 urbanitatem
807 2237 846 2270 il-
872 2237 1026 2281 phorum
1040 2237 1256 2282 disciplinae
1268 2237 1321 2272 ita
1334 2237 1515 2280 addictus,
1534 2239 1574 2270 ut

147 2281 237 2325 lam,
275 2292 348 2327 qua
383 2281 442 2315 vel
477 2281 630 2315 maxime
661 2282 846 2326 excelluit,
874 2293 912 2316 se
926 2282 960 2316 ei
978 2285 1095 2316 totum
1114 2281 1351 2326 manciparet.
1393 2281 1463 2323 Qui
1481 2281 1572 2315 illud

148 2337 294 2372 quaque
307 2325 416 2360 etiam
425 2325 644 2371 aequalibus
654 2326 726 2359 suis
736 2330 773 2360 at
801 2338 846 2361 ue
872 2326 994 2371 potius
1007 2327 1313 2371 pertotamvitam
1321 2330 1496 2372 sequutus
1504 2329 1572 2369 est,

146 2371 305 2415 posteris
332 2370 428 2405 omni
449 2374 571 2405 aetate
598 2371 745 2415 egregie
771 2382 794 2415 p
812 2382 847 2405 a·
872 2375 911 2405 ut
927 2382 1070 2416 semper
1089 2383 1190 2406 suam
1205 2371 1275 2406 sibi
1287 2375 1451 2406 tueretur
1464 2370 1573 2405 animi

148 2416 233 2450 cuit.
279 2415 400 2460 Atque
426 2415 518 2449 haec
537 2415 664 2450 eadem
684 2416 847 2450 modera-
872 2416 1091 2451 libertatem.
1138 2415 1348 2461 Diligenter
1377 2419 1498 2450 autem
1521 2419 1573 2450 te-

147 2461 198 2495 tio
213 2461 321 2495 etiam
335 2459 466 2503 effecit,
480 2464 522 2494 ut
534 2471 602 2494 nec
615 2460 653 2494 in
661 2460 757 2494 vitiis
772 2471 847 2495 car-
871 2461 1030 2495 nendum
1043 2464 1110 2504 est,
1119 2464 1276 2495 mentem
1289 2460 1367 2495 eius
1379 2460 1572 2495 rationem-

146 2506 278 2551 pendis
304 2508 403 2540 esset
426 2504 685 2548 intemperans,
712 2516 782 2539 nec
810 2505 848 2539 in
872 2516 942 2551 que
960 2517 1077 2551 usque
1095 2505 1209 2541 fuisse
1228 2506 1357 2550 talem,
1379 2516 1472 2551 quae
1491 2515 1572 2539 cum

147 2551 343 2584 virtutibus
351 2550 645 2584 commendandis
658 2550 846 2594 molestus,
871 2550 970 2585 bono
996 2555 1033 2585 et
1050 2550 1207 2585 honesto
1226 2551 1322 2586 bene
1342 2549 1570 2586 consisteret.

147 2607 215 2630 nec
228 2595 265 2629 in
280 2595 450 2629 laudibus
460 2594 719 2638 praedicandis
733 2594 845 2673 turgi-
870 2595 999 2640 Itaque
1025 2595 1142 2640 Epist.
1161 2595 1189 2630 Ι.
1210 2595 1247 2639 1,
1269 2595 1310 2631 11
1325 2605 1405 2640 sqq.
1425 2594 1506 2639 ipse
1525 2595 1570 2628 de

147 2641 215 2674 dus
235 2644 299 2674 aut
317 2639 477 2683 humilis,
501 2650 571 2674 nec
590 2640 749 2684 denique
767 2651 792 2674 u
809 2640 844 2674 lo
870 2650 926 2674 se:
953 2640 1040 2678 Quid
1053 2652 1166 2674 verum
1185 2646 1284 2686 aeque
1300 2641 1428 2680 decens,
1446 2650 1529 2673 curo
1540 2644 1571 2674 et

147 2685 184 2719 in
220 2695 354 2731 genere
396 2683 539 2718 nimius.
597 2684 844 2726 Quamobrem
866 2690 1000 2729 roqo,et
1012 2686 1118 2719 omnis
1129 2685 1229 2719 inhoc
1240 2685 1424 2719 surm—Ac
1434 2682 1572 2727 neforte

147 2734 221 2766 tam
252 2730 385 2765 satirae
416 2729 494 2764 eius
523 2732 632 2774 atque
663 2728 843 2774 epistolae
865 2740 980 2774 roqes,
1009 2741 1075 2775 quo
1100 2741 1150 2764 me
1166 2731 1264 2772 duce,
1289 2741 1354 2775 quo
1373 2730 1447 2764 lare
1466 2733 1571 2770 τιήρῃ·
