1500 2820
202 199 281 242 176
627 207 670 250 Q.
689 207 901 244 HORATII
919 207 1102 246 FLACCI

197 326 279 354 non
301 311 443 353 horam
467 317 600 352 tecum
625 325 715 353 esse
738 318 871 366 potes,
897 327 979 354 non
1002 312 1083 355 otia
1103 320 1212 356 recte

195 387 364 429 ponere,
390 379 510 426 teque
533 372 668 427 ipsum
690 373 794 414 vitas
819 373 1016 429 fugitivus
1041 380 1081 416 et
1104 388 1204 426 erro,

194 435 277 476 iam
301 434 394 476 vino
418 448 614 488 quaerens
638 434 719 475 iam
744 449 885 477 somno
909 435 1047 477 fallere
1071 450 1227 479 curam:

110 509 171 540 115
194 496 362 545 frustra3
386 510 482 536 nam
506 509 641 537 comes
667 502 753 537 atra
775 497 921 551 premit
946 498 1205 552 sequiturque
1229 499 1430 555 fugacem.
1449 527 1500 536 --

193 558 301 599 unde
309 557 407 598 mihi
419 557 678 612 lapidem?—
686 571 879 611 quorsum
891 565 953 600 est
965 573 1066 614 opus
1074 559 1092 600 ἶ)
1099 585 1151 590 -
1158 560 1266 602 unde
1273 561 1464 617 sagittas?
1475 586 1500 594 —

194 625 264 661 aut
286 619 435 659 insanit
458 618 597 668 homo,
624 624 693 659 aut
715 633 858 660 versus
882 619 991 661 facit.
1017 645 1070 650 -—
1095 621 1206 663 ocius
1231 621 1325 664 hinc
1347 630 1387 664 te

193 681 235 721 ni
258 681 385 735 rapis,
411 680 580 722 accedes
606 695 728 735 opera
751 696 851 737 agro
875 695 983 723 nona
1009 680 1175 724 Sabino.

669 840 906 879 SATIRA
934 841 1047 880 VIH.

191 927 251 969 Ut
274 927 481 968 Nasidieni
509 927 612 968 iuvit
636 933 674 967 te
699 941 824 968 coena
847 926 980 968 beati?

190 1003 285 1030 nam
308 988 407 1029 mihi
431 988 644 1030 convivam
667 989 874 1042 quaerenti
898 988 1030 1031 dictus
1053 989 1149 1030 here
1172 989 1254 1032 illic

190 1051 240 1092 de
264 1050 398 1091 medio
422 1056 561 1105 potare
586 1049 662 1090 die.
689 1074 742 1080 —-
767 1050 825 1091 sic
848 1056 893 1090 ut
916 1050 1015 1091 mihi
1037 1065 1247 1105 nunquam

188 1113 230 1154 in
254 1113 337 1153 vita
360 1111 480 1152 fuerit
504 1111 660 1152 melius.
686 1135 739 1141 —
763 1111 846 1161 dic,
873 1112 907 1152 si
930 1127 1054 1168 grave
1077 1127 1159 1154 non
1182 1119 1256 1163 est,

146 1187 165 1217 5
190 1188 294 1227 quae
318 1173 448 1228 prima
470 1173 618 1214 iratum
641 1178 822 1214 ventrem
844 1173 1065 1228 placaverit
1089 1188 1194 1216 esca.
1219 1198 1274 1204 —

187 1236 230 1276 in
253 1235 392 1290 primis
417 1235 612 1276 Lucanus
637 1248 750 1288 aper:
775 1234 856 1275 leni
878 1234 956 1275 fuit
978 1234 1134 1276 Austro

189 1304 350 1351 captus,
376 1301 420 1336 ut
443 1294 577 1337 aiebat
601 1309 751 1336 coenae
773 1302 905 1351 pater:
931 1296 1039 1338 acria
1061 1297 1213 1338 circum

187 1357 346 1412 rapula,
371 1357 570 1406 lactucae,
594 1357 769 1407 radices,
795 1357 931 1411 qualia
953 1357 1107 1399 lassum

186 1419 412 1474 pervellunt
437 1418 708 1468 stomachum,
735 1418 852 1469 siser,
878 1419 996 1469 allec,
1021 1419 1180 1461 faecula
1205 1419 1303 1462 Coa.

125 1494 164 1524 lo
187 1480 251 1521 his
276 1479 346 1521 ubi
371 1479 539 1521 sublatis
563 1494 665 1535 puer
688 1479 767 1521 alte
792 1480 948 1522 cinctus
972 1495 1160 1522 acernam

186 1556 367 1600 gausape
390 1556 593 1596 purpureo
618 1556 801 1583 mensam
823 1542 1027 1596 pertersit,
1053 1549 1093 1584 et
1116 1542 1216 1584 alter

188 1604 362 1659 sublegit
386 1603 669 1657 quodcumque
692 1603 840 1644 iaceret
862 1603 1002 1644 inutile
1027 1605 1216 1658 quodque

186 1672 325 1721 posset
349 1672 565 1706 coenantes
590 1665 794 1706 offendere
802 1681 813 1714 ;
837 1670 883 1706 ut
904 1664 1044 1706 Attica
1067 1666 1182 1721 virgo

187 1743 280 1770 eum
304 1727 428 1769 sacris
455 1726 615 1769 Cereris
639 1727 821 1782 procedit
844 1726 985 1768 fuscus
1009 1726 1232 1782 Hydaspes

123 1805 162 1835 15
187 1789 380 1832 Caecuba
403 1789 497 1830 vina
520 1789 672 1838 ferens,
698 1786 834 1829 Alcon
858 1787 1009 1830 Chium
1032 1789 1153 1831 maris
1178 1803 1335 1844 expers.

184 1852 251 1893 hic
273 1851 413 1892 herus:
441 1849 692 1901 „Albanum‚
717 1848 956 1900 Maecenas,
982 1850 1068 1892 sive
1091 1850 1309 1892 Falernum

185 1920 224 1955 te
249 1913 379 1969 magis
405 1911 600 1967 appositis
625 1911 814 1960 delectat,
840 1911 1038 1954 habemus
1061 1914 1316 1967 utrumque.“
1343 1936 1395 1942 —

185 1975 346 2017 divitias
370 1973 558 2015 miseras!
585 1973 657 2015 sed
681 1974 795 2027 queis
820 1973 1083 2016 coenantibus
1107 1989 1201 2024 una,

183 2037 391 2087 Fundani,
415 2035 580 2092 pulchre
605 2035 726 2076 fuerit
750 2034 839 2084 tibi,
865 2050 986 2077 nosse
1009 2035 1160 2077 laboro.
1187 2060 1240 2066 -—

119 2112 162 2144 20
187 2114 370 2141 summus
396 2113 491 2154 ego,
517 2103 556 2139 et
579 2112 704 2153 prope
727 2112 792 2138 me
817 2097 966 2139 Viscus
992 2097 1216 2148 Thurinus,
1242 2102 1283 2139 et
1304 2096 1420 2148 infra,

186 2161 221 2203 si
243 2160 426 2210 memini,
451 2159 620 2209 Varius3
645 2173 738 2199 cum
765 2157 937 2201 Servilio
961 2159 1178 2201 Balatrone

184 2221 395 2271 Vibidius,
421 2235 522 2275 quas
546 2220 766 2262 Maecenas
791 2220 1015 2262 adduxerat
1037 2220 1214 2262 umbras.

184 2284 464 2326 Nomentanus
490 2288 574 2325 erat
598 2297 720 2337 super
742 2282 895 2336 ipsum,
920 2281 1091 2324 Porcius
1114 2282 1232 2332 infra,

185 2346 378 2387 ridiculus
402 2350 507 2386 totas
533 2344 652 2386 simul
676 2343 891 2385 absorbere
915 2343 1133 2398 placentas.

118 2421 160 2452 25
183 2407 462 2450 Nomentanus
487 2406 540 2447 ad
562 2406 657 2454 hoc,
683 2405 770 2459 qui,
797 2406 831 2446 si
854 2405 952 2459 quid
974 2405 1078 2447 forte
1100 2405 1253 2455 lateret,

183 2470 315 2511 indice
339 2474 580 2510 monstraret
603 2467 749 2523 digito:
772 2482 868 2508 nam
892 2473 1024 2508 cetera
1047 2465 1177 2516 turba,

185 2545 278 2581 nos,
302 2531 487 2584 inquam,
512 2543 729 2570 coenamus
753 2543 868 2578 aves,
893 2527 1121 2583 conchylia,
1146 2526 1292 2582 pisces,

183 2592 304 2648 longe
327 2590 565 2633 dissimilem
589 2596 684 2631 noto
708 2589 880 2631 celantia
903 2603 1089 2639 succum;

184 2660 230 2696 ut
251 2653 317 2696 vel
340 2653 530 2696 continuo
553 2651 699 2708 patuit,
724 2665 850 2706 quum
872 2651 1049 2707 passeris
1073 2656 1193 2704 atque
