1500 2820
438 181 804 220 EPISTOLARUM
827 181 925 218 LIB.
945 181 974 218 I.

487 358 814 400 EPISTOLA
843 360 922 400 IV.

370 457 445 489 AD
477 456 697 490 ALBIUM
729 456 1046 490 T1BULL1JM.

28 541 146 594 Albi,
169 547 406 585 nostrorum
431 555 669 583 sermonum
693 541 867 583 candide
891 541 1031 591 iudex,

13 605 127 663 ‚quid
148 619 260 647 nunc
283 611 324 648 te
348 604 485 647 dicam
508 603 646 646 facere
671 604 714 645 in
737 604 908 661 regione
931 603 1129 646 Pedana?

14 667 204 716 ‹scribere
227 668 341 723 quod
366 666 491 710 Cassi
513 666 755 710 Parmensis
780 667 983 723 opuscula
1005 667 1156 717 vincat,

12 743 80 779 mn
102 730 272 774 tacitum
297 730 424 773 silvas
448 730 555 772 inter
576 736 739 786 reptare
764 730 964 781 salubres,

12 801 238 842 ·curantem
261 793 463 849 quidquid
487 793 660 850 dignum
686 794 871 850 sapiente
895 793 1088 848 bonoque
1113 792 1200 835 est?

27 872 110 904 non
133 864 178 900 tu
201 872 352 914 corpus
377 872 468 899 eras
494 857 581 899 sine
604 863 790 913 pectore:
816 858 858 900 di
882 857 957 900 tibi
981 857 1169 907 formam,

27 920 70 964 di
92 920 167 964 tibi
189 920 354 964 divitias
380 921 583 962 dederunt
607 927 820 976 artemque
845 921 1021 963 fruendi.

28 984 127 1041 quid
149 990 300 1027 voveat
325 983 436 1026 dulci
459 983 664 1026 nutricula
688 984 822 1026 maius
847 984 1028 1035 alumno,

28 1047 99 1105 qui
121 1062 267 1104 sapere
291 1054 332 1090 et
355 1047 434 1089 fari
458 1047 591 1103 possit
615 1062 723 1102 quae
748 1048 915 1098 sentiat,
942 1054 982 1089 et
1007 1047 1075 1089 cui

26 1110 176 1169 gratia,
201 1109 332 1161 fama,
358 1109 554 1152 valetudo
578 1110 792 1167 contingat
816 1109 994 1161 abunde,

28 1179 69 1216 et
90 1173 271 1216 mundus
295 1173 450 1224 victus,
475 1188 559 1216 non
583 1173 799 1216 deficiente
825 1173 1046 1216 crumena?

27 1235 132 1279 inter
156 1251 274 1293 spem
297 1250 540 1291 curamque,
567 1236 734 1279 timores
759 1237 866 1279 inter
889 1243 930 1279 et
952 1236 1035 1279 iras

29 1313 193 1342 omnem
216 1299 338 1341 crede
362 1298 473 1341 diem
497 1299 573 1341 tibi
596 1299 796 1342 diluxisse
821 1314 1080 1355 supremum:

27 1368 146 1420 grata
169 1361 432 1418 superveniet
455 1377 561 1417 quae
585 1377 669 1404 non
695 1362 926 1418 sperabitur
949 1362 1063 1404 hora.

27 1439 94 1468 me
117 1424 316 1482 pinguem
340 1431 381 1467 et
403 1425 580 1467 nitidum
604 1425 710 1468 bene
735 1432 877 1468 curata
900 1432 994 1468 cute
1019 1426 1143 1476 vises,

20 1500 157 1544 -xquum
179 1489 313 1531 ridere
337 1489 452 1532 voles
476 1489 650 1546 Epicuri
674 1490 726 1532 de
749 1504 878 1547 grege
901 1504 1086 1546 porcum.

509 1623 834 1665 EPISTOLA
862 1625 919 1664 V.

418 1721 502 1753 AD
545 1721 1013 1761 TORQUATUM.

23 1799 82 1846 >Si
102 1810 219 1860 potes
243 1802 463 1847 Archiacis
488 1804 665 1848 conviva
687 1804 928 1848 recumbere
952 1804 1070 1847 lectis

30 1880 106 1909 nec
129 1867 292 1909 modica
316 1881 490 1910 coenare
514 1867 637 1910 times
663 1868 754 1910 olus
780 1883 902 1910 omne
926 1867 1093 1924 patella,

31 1943 223 1986 supremo
247 1936 287 1972 te
312 1930 399 1973 sole
423 1930 554 1982 domi,
581 1930 810 1985 Torquate,
837 1930 1026 1973 manebo.

30 1991 126 2034 vina
149 1991 266 2035 bibes
290 1993 440 2035 iterum
465 1993 606 2036 Tauro
631 1993 785 2036 diffusa
808 1994 1015 2050 palustres

29 2053 136 2097 inter
156 2054 393 2099 Minturnas
422 2055 808 2112 Sinuessanumque
831 2057 1060 2099 Petrinum.

33 2116 69 2160 si
90 2118 238 2161 melius
262 2119 363 2174 quid
386 2118 536 2170 habes,
562 2134 744 2171 arcesse,
770 2120 837 2162 vel
860 2121 1078 2176 imperium
1103 2120 1183 2162 ser:

30 2179 272 2224 iamdudum
297 2182 486 2239 splendet
509 2182 629 2225 focus
655 2190 696 2226 et
719 2183 794 2226 tibi
817 2184 973 2226 munda
998 2183 1196 2240 supelleX.

14 2243 148 2286 ‘mitte
170 2244 284 2288 leves
310 2260 406 2301 spes
432 2252 473 2288 et
497 2247 722 2289 certamina
745 2247 982 2289 divitiarum

9 2310 74 2348 ,set
96 2305 264 2350 Moschi
288 2323 499 2351 caussam:
525 2323 615 2352 cras
640 2317 737 2352 nato
764 2309 945 2353 Caesare
969 2309 1102 2352 festus

15 2367 104 2411 ‘dat
128 2370 291 2412 veniam
316 2386 589 2427 somnumque
614 2373 702 2415 dies
710 2390 722 2425 ;
746 2373 916 2430 impune
939 2372 1080 2415 licebit

14 2438 18 2462 Γ
34 2432 235 2475 aestivam
260 2448 447 2477 sermone
470 2434 652 2493 benigno
676 2436 844 2478 tendere
866 2442 1043 2478 noctem.

16 2504 118 2549 *quo
139 2496 242 2538 mihi
265 2495 491 2550 fortunam,
518 2499 553 2541 si
575 2514 660 2542 non
683 2499 922 2542 conceditur
943 2499 1029 2541 uti?

34 2569 183 2614 parcus
208 2558 261 2601 ob
285 2559 448 2603 heredis
473 2576 615 2604 curam
638 2562 895 2617 nimiumque
920 2577 1089 2604 severus

17 2619 196 2671 ,adsidet
219 2621 384 2665 insano:
409 2630 554 2679 potare
578 2632 619 2667 et
643 2640 839 2682 spargere
863 2625 985 2668 flores

9 2679 247 2751 ffv‘lnoipiam,
272 2687 485 2742 patiarque
510 2688 577 2730 vel
598 2689 856 2732 inconsultus
881 2688 1036 2731 haberi.

10 2754 23 2774 ,ς

5 2783 47 2820 ΕΑ

1308 171 1388 214 185

1420 1121 1462 1153 10

1422 1439 1462 1469 15

1424 2386 1465 2417 10

1423 2703 1464 2733 15
