1500 2820
425 135 638 175 EPODON
654 134 821 173 LIBER.

47 244 159 305 {sect
178 260 298 290 crura
319 244 424 288 dura
447 242 658 300 compede.

46 305 154 359 fluet
175 307 378 366 superbus
403 306 590 351 ambules
614 305 804 362 pecunia,

113 373 279 417 fortuna
301 386 385 415 non
407 376 540 414 mutat
563 378 710 427 genus.

59 435 245 487 videsne,
271 450 432 478 sacram
453 426 648 476 metiente
678 438 719 475 te
742 431 855 474 viam

113 513 210 543 cum
231 498 297 542 bis
321 499 444 541 trium
467 497 658 539 ulnarum
683 502 795 552 toga,

57 568 105 607 ut
125 577 198 606 ora
219 568 352 605 vertat
374 561 457 603 huc
480 566 522 603 et
544 560 627 602 huc
651 558 837 602 euntium

114 625 323 669 liberrima
344 623 599 681 indignatio?

60 694 223 744 „sectus
247 687 422 745 flagellis
446 687 515 729 hic
538 684 863 728 triumviralibus

114 750 328 809 praeconis
353 750 407 793 ad
430 749 646 792 fastidium

60 821 148 858 arat
168 813 335 858 Falerni
357 812 469 855 mille
493 812 612 855 fundi
635 812 793 869 iugera,

115 888 157 920 et
178 876 362 934 Appiam
385 876 548 919 mannis
574 875 679 926 terit,

61 939 340 995 sedilibusque
362 955 540 997 magnus
564 939 608 981 in
630 938 774 995 primis
799 952 926 994 eques

118 1002 285 1048 Othone
309 1009 516 1046 contemto
541 1003 670 1045 sedet.

61 1066 160 1123 quid
182 1066 327 1109 attinet
349 1072 410 1109 tot
434 1081 506 1109 ora
528 1065 698 1108 navium
722 1064 842 1122 gravi

115 1135 290 1172 rostrata
313 1129 410 1171 duci
438 1129 622 1185 pondere

63 1198 203 1236 contra
225 1191 406 1235 latrones
431 1198 555 1247 atque
580 1191 773 1234 servilem
797 1205 980 1241 manum,

115 1255 196 1299 hoc
218 1255 298 1299 hoc
321 1254 486 1298 tribuno
510 1254 744 1297 militum?“

458 1440 722 1481 CARMEN
749 1441 807 1480 V.

300 1543 350 1575 m
381 1542 635 1576 CANIDIAM
659 1542 968 1575 VENEFICAM.

66 1631 171 1687 „At,
196 1648 221 1676 o
246 1633 419 1677 deorum
444 1633 644 1689 quicquid
666 1633 710 1676 in
734 1632 849 1676 caelo
873 1632 981 1689 regit

119 1701 247 1739 terras
271 1703 313 1739 et
335 1696 565 1739 humanum
588 1711 736 1754 genus,

16 1770 21 1786 ⁵
64 1759 164 1814 quid
186 1759 264 1802 iste
287 1759 369 1802 fert
391 1759 621 1802 tumultus?
645 1765 686 1801 et
709 1759 810 1814 quid
835 1758 1020 1801 omnium

120 1822 260 1866 vultus
283 1822 328 1864 in
351 1838 481 1865 unum
504 1837 572 1865 me
597 1822 760 1865 truces?

65 1898 139 1941 per
160 1884 312 1928 liberos
337 1892 397 1936 te,
425 1885 460 1927 si
483 1891 632 1927 vocata
654 1884 857 1941 partubus

122 1947 289 1990 Lucina
313 1948 422 1990 veris
447 1948 579 1999 affuit,

67 2025 142 2067 per
163 2011 243 2054 hoc
265 2011 389 2053 inane
412 2025 620 2067 purpurae
645 2011 772 2053 decus
797 2024 955 2067 precor,

124 2089 199 2132 per
221 2074 550 2131 improbaturum
574 2074 679 2117 haec
701 2074 860 2125 Iovem,

70 2138 170 2193 quid
192 2145 239 2180 ut
261 2153 440 2181 noverca
463 2154 530 2181 me
553 2138 726 2181 intueris
750 2144 822 2180 aut
844 2138 907 2179 uti

126 2201 256 2257 petita
278 2201 387 2244 ferro
411 2200 604 2244 bellua?“

71 2270 116 2305 ut
139 2263 244 2306 haec
267 2264 457 2306 trementi
480 2271 652 2319 questus
677 2279 747 2307 ore
772 2263 956 2307 constitit

127 2325 363 2382 insignibus
386 2327 514 2383 raptis
537 2342 654 2384 puer,

73 2387 242 2444 impube
266 2403 434 2445 corpus,
460 2389 582 2445 quale
604 2397 748 2447 posset
771 2389 900 2447 impia

131 2450 289 2493 mollire
315 2451 523 2496 Thracum
545 2460 733 2509 pectora3

78 2511 272 2565 Canidia,
297 2513 491 2559 brevibus
515 2515 728 2572 implicata
751 2516 904 2572 viperis

135 2575 268 2618 crines
293 2582 334 2619 et
356 2577 584 2621 incomtum
608 2585 745 2635 caput,

77 2637 191 2681 iubet
215 2639 414 2696 sepulcris
440 2641 654 2698 caprificos
680 2648 831 2692 erutas,

1223 121 1305 166 107

1337 629 1378 661 10

1341 947 1382 978 15

1341 1261 1385 1293 20

1351 2209 1394 2240 10

1354 2524 1395 2554 15
