1500 2820
131 177 212 220 136
563 185 607 228 Q.
625 183 836 220 HORATII
852 183 1032 220 FLACOI

129 289 196 331 hic
219 294 340 344 atque
362 288 484 330 ille?“
511 288 652 330 avidos
676 287 854 329 vicinum
877 287 1001 329 funus
1025 294 1070 329 ut
1093 302 1238 345 aegros

130 351 334 393 exanimat
356 350 578 404 mortisque
601 355 713 391 metu
737 349 815 391 sibi
837 364 1002 404 parcere
1027 350 1155 405 cogit3
1462 359 1487 408 3

129 414 189 456 sic
213 419 371 454 teneros
396 412 551 453 animos
577 412 708 454 aliena
730 412 947 467 opprobria
971 427 1092 468 saepe

129 473 354 516 absterrent
376 473 497 515 vitiis.
523 488 573 514 ex
596 473 674 514 hoc
698 487 774 529 ego
800 488 922 515 sanus
946 473 998 515 ab
1021 473 1113 524 illis,

42 549 105 580 130
127 535 348 592 perniciem
371 549 651 589 quaecumque
674 535 826 585 ferunt,
852 535 1122 577 mediocribus
1147 542 1187 577 et
1209 536 1324 590 queis

127 598 318 654 ignoscas
342 597 451 638 vitiis
476 603 626 638 teneor.
651 597 836 638 fortassis
861 603 901 637 et
923 597 1043 638 istinc

128 659 293 714 largiter
316 658 527 700 abstulerit
550 658 674 714 longa
697 665 827 707 aeta&
853 657 953 699 liber
977 658 1143 708 amicus,

130 721 344 763 consilium
365 720 592 775 proprium3
617 734 750 773 neque
774 720 898 769 enim,
924 734 1050 773 quum
1072 719 1244 762 lectulus
1269 732 1338 762 aut
1359 734 1424 761 me
1471 735 1473 738 ’

129 782 307 838 porticus
334 781 510 835 excepit,
536 781 680 822 desum
704 781 814 822 mihi.
843 781 1014 832 „rectius
1038 781 1117 823 hoc
1140 783 1252 832 est;“

42 856 104 888 135
132 843 234 895 „hoc
257 843 411 884 faciens
437 842 571 883 vivam
593 842 791 891 melius;“
820 843 903 893 „sic
927 843 1056 884 dulcis
1081 843 1221 884 amicis

130 918 337 947 occurram
345 906 388 954 ;“
417 903 518 954 „hoc
543 904 707 957 quidam
731 919 813 945 non
835 903 958 954 belle,
982 904 1180 959 numquid
1203 918 1279 960 ego
1302 904 1360 945 illi

130 966 366 1022 imPrudens
391 965 487 1007 olim
511 965 660 1006 faciam
685 965 869 1006 similc?“
897 997 906 1006 .
922 997 931 1006 .
947 997 956 1006 .
981 965 1082 1007 haec
1106 981 1183 1022 ego
1205 980 1366 1007 mecum

131 1027 374 1083 compressis
400 1027 510 1082 agito
534 1026 677 1076 labris3
703 1026 772 1067 ubi
795 1027 894 1080 quid
918 1027 1036 1068 datur
1059 1027 1126 1077 oti,

130 1090 255 1131 illudo
281 1089 441 1130 chartis.
467 1089 545 1130 hoc
568 1094 630 1130 est
654 1088 925 1130 mediocribus
949 1089 1029 1130 illis

44 1164 107 1195 140
132 1166 183 1192 ex
206 1151 314 1192 vitiis
337 1165 483 1191 unum:
509 1150 574 1191 cui
599 1150 633 1191 si
657 1150 876 1191 concedere
900 1150 1016 1200 nolis,

129 1212 258 1254 multa
279 1219 491 1267 poetarum
515 1212 651 1252 veniet
673 1227 837 1261 manus,
863 1212 1013 1253 auxilio
1037 1226 1140 1266 quae

132 1274 184 1316 sit
206 1274 306 1315 mihi
329 1298 383 1303 -
407 1289 502 1315 nam
526 1273 653 1314 multo
676 1273 812 1328 plures
839 1288 978 1315 sumus
1004 1299 1058 1304 —
1082 1288 1130 1315 ac
1152 1273 1276 1315 veluti
1300 1280 1338 1314 te

133 1335 278 1377 Iudaei
301 1349 495 1391 cogemus
519 1336 563 1376 in
585 1335 691 1376 hanc
715 1336 937 1377 concedere
961 1335 1133 1378 turbam.

639 1495 878 1534 SATIRA
906 1496 960 1534 V.

131 1582 359 1638 Egressum
383 1597 533 1638 magna
556 1596 620 1623 me
645 1583 804 1637 excepit
826 1580 967 1623 Aricia
989 1581 1123 1623 Roma

132 1644 308 1698 hospitio
332 1644 511 1693 modico;
535 1643 671 1685 rhetor
694 1658 831 1685 comes
855 1643 1116 1694 Heliodorus,

134 1704 384 1748 Graecorum
407 1705 528 1760 longe
553 1706 826 1747 doctissimus.
851 1706 946 1746 inde
969 1705 1122 1746 Forum
1146 1705 1271 1760 Appi,

132 1767 338 1808 differtum
360 1767 512 1816 nautis,
539 1767 790 1821 cauponibus
815 1772 936 1820 atque
960 1766 1160 1822 malignis.

89 1843 109 1874 5
131 1829 211 1870 hoc
233 1829 309 1870 iter
331 1828 470 1884 ignavi
494 1829 725 1878 divisimus,
751 1828 870 1870 altius
895 1843 943 1870 ac
965 1843 1041 1870 nos

131 1890 372 1946 praecinctis
397 1905 542 1931 unum:
568 1890 702 1931 minus
727 1895 789 1931 est
811 1890 948 1945 gravis
973 1890 1113 1944 Appia
1135 1890 1272 1932 tardis.

132 1952 200 1994 hic
223 1966 299 2007 ego
322 1958 488 2006 propter
512 1966 677 2006 aquam,
702 1951 812 2005 quod
836 1957 920 1992 erat
944 1952 1175 2002 deterrima,
1200 1953 1329 1994 ventri

132 2013 266 2055 indico
290 2013 460 2063 bellum,
486 2019 701 2054 coenantes
726 2013 835 2054 haud
859 2013 993 2054 animo
1017 2027 1147 2067 aequo

134 2082 376 2130 exspectans
401 2075 580 2116 comites.
605 2075 687 2115 iam
712 2089 794 2115 nox
816 2075 1007 2116 inducere
1031 2075 1146 2116 terris

70 2151 110 2182 10
133 2137 299 2179 umbras
325 2142 365 2177 et
388 2136 501 2178 coelo
525 2137 751 2178 diffundere
777 2137 893 2191 signa
915 2136 1102 2191 parabat:

133 2205 221 2240 tum
243 2198 358 2253 pueri
381 2198 533 2248 nautis,
557 2199 693 2252 pueris
719 2198 900 2239 convicia
922 2204 1070 2239 nautae

133 2260 328 2315 ingerere.
354 2284 408 2289 —
435 2259 539 2310 „huc
563 2259 771 2314 appelle1“
799 2291 808 2300 .
823 2291 832 2300 .
848 2291 856 2300 .
885 2265 1109 2310 „trecentos
1133 2259 1318 2301 inseris.“
1346 2258 1465 2310 „ohel

133 2321 215 2362 iam
240 2321 338 2362 satis
363 2321 474 2363 est!“
500 2346 554 2351 -
578 2321 676 2361 dum
699 2335 767 2362 aes
793 2321 983 2376 exigitur,
1009 2321 1105 2362 dum
1130 2320 1240 2362 mula
1262 2320 1422 2376 ligatur,

135 2390 219 2426 tota
243 2383 327 2425 abit
350 2383 460 2424 hora.
486 2383 582 2424 mali
606 2383 755 2424 culices
780 2397 983 2436 ranaeque
1006 2382 1208 2437 palustres

71 2459 110 2489 15
135 2451 321 2486 avertunt
346 2459 522 2486 somnos.
548 2444 758 2485 absentem
782 2451 826 2484 ut
851 2450 985 2485 cantat
1009 2445 1178 2486 amicam

135 2507 263 2548 multa
285 2506 468 2561 prolutus
495 2521 626 2560 vappa
650 2512 774 2547 nauta
797 2511 917 2559 atque
940 2506 1071 2547 viator

137 2569 338 2610 certatim:
363 2569 527 2609 tandem
550 2568 686 2609 fessus
711 2568 883 2609 dormire
908 2568 1038 2609 viator

135 2630 293 2684 incipit,
319 2644 365 2670 ac
390 2630 538 2671 missae
562 2635 725 2684 pastum
748 2629 969 2670 retinacula
993 2629 1125 2671 mulae
