1592 2808
182 188 310 220 Lvn1
436 171 440 174 ’
683 195 734 223 nn
758 196 847 224 vrrs
870 197 919 224 m·
942 197 1102 226 semp-rm

182 269 399 301 cunctanter
415 267 692 313 respondemus,
719 269 880 314 origines
904 274 946 305 ut
967 282 1041 307 una
1063 272 1265 320 eademque
1289 285 1403 320 opera
1419 273 1529 312 etiam
1543 275 1592 318 ln«

179 310 339 355 ipsarum
352 315 537 357 tamquam
555 313 741 348 radicibus
755 314 830 348 suis
842 314 879 349 in
905 315 1027 351 dolem
1039 327 1084 352 ac
1095 316 1579 364 natmamEpistolasume

180 355 373 390 satirarum
398 356 595 401 scriptione
626 357 764 392 defixas
794 359 879 394 hae-
902 359 1034 395 ratiiin
1047 361 1202 398 clariore
1214 363 1296 398 luce
1335 374 1497 399 onamus.
1574 401 1577 406 ,

178 411 272 444 rere,
300 411 408 445 quam
427 405 541 445 poeta
565 401 651 436 olim
677 402 878 438 studiosius
934 405 1066 451 Itaque
1078 407 1234 451 primum
1246 375 1392 454 quidem
1409 409 1538 443 matsri
1563 407 1567 410 ⁴

178 445 364 479 coluisset.
390 446 482 480 Nam
497 447 596 491 quod
609 457 726 491 nuper
738 447 876 494 fuitqui
903 449 932 483 si
957 455 1164 494 spectamus
1218 452 1256 486 in
1299 463 1374 498 qua
1405 456 1548 488 tractan

177 500 240 524 eas
267 500 348 540 cum
372 490 453 524 odis
480 491 714 535 cognatiores
731 496 878 537 putaret
900 493 1125 530 Horatianae
1165 477 1352 541 ffipistolae
1394 502 1592 536 versantur*

177 537 214 569 et
232 534 337 579 lyrici
357 545 438 569 esse
458 535 604 579 generis
619 541 797 581 censeret,
822 541 875 571 ut-
900 539 1085 583 pertinent
1107 540 1192 576 illae
1215 552 1291 576 non
1315 549 1389 576 tam
1406 542 1455 576 ad
1472 546 1592 581 taxan-

204 583 264 613 ote
278 579 325 613 ab
339 579 474 613 intimis
488 580 598 614 animi
612 582 780 616 sensibus
794 593 875 626 pro-
902 583 968 617 dos
995 588 1032 618 et
1047 585 1223 619 ridendos
1245 597 1440 630 perversos
1465 597 1585 632 aequa·

175 589 329 666 Pectas,l
359 623 516 658 fatemur
535 635 603 658 nos
628 625 674 660 ab
699 625 770 660 hac
795 638 875 661 sen·
899 627 986 662 lium
1020 640 1138 664 mores
1174 633 1285 675 atque
1311 631 1448 675 studia,
1475 630 1586 676 quanjv

173 668 289 702 tentia
302 668 513 714 longissime
528 670 728 705 discedere.
764 671 874 706 Nimi—
901 683 1009 717 quam
1035 674 1191 708 subinde
1215 675 1302 709 item
1324 674 1466 710 habent
1488 676 1588 713 urbm

173 724 251 746 rum
270 712 409 747 habent
428 717 525 748 certe
551 725 633 748 cum
658 715 778 749 satiris
804 716 876 750 hoc
899 728 982 751 nam
1024 719 1208 763 quandam
1242 719 1446 754 irrisionem
1486 724 1585 766 atque

175 767 375 802 commune,
402 758 501 803 quod
513 759 651 802 pariter
663 763 773 804 atque
787 759 873 795 illae
900 761 1181 807 cavillationem,
1203 774 1311 808 quam
1323 764 1448 809 potius
1461 765 1507 799 ad
1514 772 1592 816 pror

173 801 308 836 iudicia
320 807 453 846 poetae
474 803 519 837 de
533 803 609 837 vita
629 804 809 838 communi
822 809 874 839 at-
899 806 1055 841 dendam
1073 807 1400 854 illustrandamque
1413 818 1592 854 proprian·

174 857 244 891 que
269 847 431 881 moribus
461 851 498 882 et
530 848 659 882 studiis
689 849 874 884 hominurn
898 849 1013 900 ipsius
1044 856 1178 896 poetae
1211 853 1428 897 sapientiam
1457 857 1493 888 et
1517 864 1589 895 sen»

171 891 403 936 patefaciunt
431 902 476 926 ac
506 892 712 936 declarant,
750 905 873 945 quam-
898 895 1012 929 t1endi
1030 895 1290 942 iudicandique
1315 897 1494 932 rationem
1519 898 1588 936 diu

173 947 280 979 quam
298 936 335 970 id
354 936 484 980 ipsum,
511 937 616 971 sicuti
635 949 717 971 mox
736 938 873 973 wdebi-
898 940 1060 975 turniore
1074 941 1169 976 vitae
1183 953 1254 976 usu
1267 942 1472 987 collectam,
1483 953 1588 987 quam

169 991 262 1023 mus,
277 980 314 1014 in
332 980 376 1014 iis
390 981 515 1025 paullo
530 982 636 1016 aliter
648 981 690 1016 fit
709 994 817 1028 quam
836 984 872 1017 in
898 984 1094 1029 doquidem
1107 985 1144 1020 in
1157 985 1202 1019 iis
1221 985 1299 1022 fere
1312 987 1466 1022 moralia
1485 990 1592 1032 atqua:

172 1022 311 1059 Satiris.
335 1025 379 1059 Id
394 1026 494 1070 quod
506 1037 726 1071 unumquem
755 1039 800 1062 ue
814 1029 872 1062 vel
897 1028 1074 1064 litteraria
1101 1035 1355 1075 proponuntur
1383 1031 1589 1076 praecepto·

171 1069 302 1114 exigua
323 1070 455 1104 docere
475 1075 600 1121 potest
627 1039 871 1107 consideratio
898 1073 1031 1124 quibus
1050 1075 1255 1119 aequalium
1276 1075 1397 1110 studia
1421 1079 1459 1110 et
1478 1074 1580 1111 consi

170 1119 519 1158 argumentorum,1n
529 1115 662 1159 quibus
670 1117 871 1151 tractandis
897 1118 946 1151 ha
960 1118 1146 1162 sapienter
1163 1123 1348 1171 regantur.
1383 1119 1474 1165 Agit
1484 1119 1582 1165 igitir·

169 1164 371 1192 versantur.
417 1160 626 1194 lnserviunt
644 1161 739 1195 enim
757 1173 871 1206 prope
895 1162 1072 1197 Horatius
1090 1163 1127 1197 in
1145 1164 1323 1208 Eprstolis
1347 1164 1423 1198 suis
1443 1165 1579 1199 omnim

171 1214 298 1238 omnes
313 1204 541 1247 explicandis
557 1205 743 1248 sapienter
750 1206 874 1240 viven-
896 1206 978 1251 hoc,
987 1211 1027 1241 ut
1039 1207 1204 1242 homines
1217 1209 1444 1243 instruantur
1452 1209 1585 1254 sapien*

170 1247 205 1282 di
241 1248 466 1292 praeceptis,
503 1248 731 1283 illustrandis
762 1251 871 1285 variis
895 1251 968 1286 tiae
1007 1251 1139 1296 opibus
1169 1256 1208 1287 at
1235 1264 1280 1288 ue
1310 1257 1528 1288 moneantur
1555 1263 1576 1288 e

169 1291 353 1326 hominum
389 1293 570 1337 moribus,
618 1294 776 1340 denique
813 1306 870 1330 ex-
895 1297 1131 1341 edoceantur,
1158 1298 1218 1342 qui
1269 1297 1308 1332 in
1331 1297 1428 1332 vitae
1448 1297 1589 1333 actiom

168 1338 348 1382 ponendis
372 1338 697 1384 illuminandisque
722 1340 766 1374 de
792 1344 869 1374 arte
895 1345 1005 1386 atque
1024 1341 1061 1375 in
1074 1341 1276 1376 litterarum
1295 1342 1425 1376 studiis
1443 1343 1585 1377 bonum

167 1392 326 1426 poeseos
347 1386 383 1416 et
403 1382 604 1417 litterarum
629 1384 870 1428 ingenuarum
894 1396 1018 1419 verum
1039 1390 1076 1419 et
1091 1386 1284 1430 pulchrum
1309 1386 1366 1420 sit.
1411 1386 1577 1428 Quocirca

169 1427 290 1460 studio
305 1427 462 1478 iudiciis,
489 1427 561 1461 hoc
580 1428 724 1472 quidem
745 1429 869 1462 discri—
893 1429 930 1463 in
943 1430 1014 1463 illis
1029 1430 1106 1464 fere
1125 1441 1298 1475 expressa
1318 1431 1477 1465 cernitur
1495 1430 1571 1466 miti

167 1472 275 1522 mine,
295 1475 336 1505 ut
348 1471 480 1516 prioris
494 1471 578 1506 libri
592 1472 772 1516 epistolae
791 1473 867 1508 fere
894 1474 1082 1508 cuiusdam
1113 1475 1315 1520 sapientiae
1340 1475 1521 1510 institutio
1547 1486 1576 1510 a·

167 1516 278 1550 ethici
304 1515 377 1550 sint
402 1516 565 1561 generis,
591 1517 708 1550 rarius
733 1517 867 1552 littera·
893 1518 1103 1563 disciplina,
1134 1531 1208 1554 non
1227 1524 1348 1555 tamen
1371 1531 1502 1555 aversa
1526 1519 1575 1555 illa

166 1571 245 1594 rum
261 1560 383 1594 studia
396 1560 596 1606 attingant,
610 1562 793 1605 posterior
806 1573 867 1596 au-
893 1574 915 1597 a
927 1562 1048 1598 faceta
1062 1568 1100 1598 et
1111 1565 1253 1598 urbana
1266 1565 1413 1599 iocandi
1430 1564 1574 1599 ridendi

166 1608 238 1639 tem
253 1604 347 1639 liber
358 1605 466 1639 unice
485 1606 522 1639 in
535 1606 644 1640 rebus
664 1606 711 1640 ad
725 1606 867 1641 litteras
919 1618 963 1641 ue
977 1607 1173 1652 hilaritate,
1200 1619 1320 1654 neque
1339 1609 1450 1653 plane
1469 1609 1574 1644 alien:
1590 1627 1592 1635 ·

166 1649 393 1694 maximeque
428 1650 558 1694 poesin
597 1650 866 1694 pertinentibus
892 1663 913 1686 a
964 1653 1105 1687 urbana
1128 1653 1307 1697 irrisione,
1334 1653 1453 1705 qualis
1478 1653 1573 1688 domi

166 1698 368 1738 occupatus
382 1694 439 1729 sit.
471 1694 543 1729 Sed
582 1707 667 1729 uum
676 1694 816 1730 Satirae
831 1699 868 1730 et
892 1700 998 1731 natur
1016 1697 1133 1741 Epist.
1150 1697 1179 1731 Ι.
1199 1698 1264 1742 19.,
1287 1698 1351 1732 ubl
1371 1698 1503 1742 duplex
1526 1697 1573 1733 ho

165 1739 356 1783 Epistolae
389 1739 489 1774 haud
514 1740 561 1773 du
589 1739 622 1774 ie
648 1739 866 1775 iudicandae
891 1741 1025 1775 minum
1049 1752 1182 1786 genus,
1214 1743 1368 1776 alterum
1391 1742 1572 1777 malevolo

167 1783 239 1817 sint
252 1783 407 1818 maxima
419 1784 515 1818 inter
529 1795 567 1818 se
588 1785 808 1828 cognatione
823 1796 867 1819 ac
891 1797 968 1820 rum
983 1786 1282 1830 obtrectatorum,
1302 1787 1455 1821 alterum
1469 1797 1572 1822 servo

167 1828 402 1863 similitudine
427 1828 618 1872 contineri,
643 1833 766 1864 tamen
786 1840 866 1864 eae—
891 1842 969 1864 rum
986 1830 1215 1875 imitatorum,
1243 1831 1331 1866 satis
1355 1830 1488 1866 acriter
1512 1842 1592 1866 cor-

166 1873 247 1908 dem
266 1873 376 1907 etiam
396 1873 690 1908 dissimilitudine
710 1874 867 1919 quadam
890 1875 1030 1919 ripitur.
1082 1875 1276 1910 Enimvero
1312 1875 1408 1910 hanc
1443 1875 1572 1920 quiden
1589 1894 1592 1906 ι

165 1929 188 1952 a
202 1928 240 1952 se
254 1917 409 1952 invicem
424 1918 654 1952 distinentur.
691 1918 799 1959 Quod
813 1923 865 1953 ta·
891 1919 1038 1954 iocandi
1050 1919 1266 1965 ridendique
1286 1919 1571 1957 consuetudinem
1588 1935 1592 1950 ‹-

164 1973 247 1996 men
257 1967 439 2007 quatenus
453 1962 504 1997 ita
517 1962 671 1997 iudicari
685 1968 864 2008 oporteat,
890 1964 1075 2008 propriam
1109 1963 1223 1999 fuisse
1258 1969 1392 2009 poetae
1427 1963 1592 2008 ingenio¹

164 2007 231 2041 viri
246 2007 345 2041 docti
359 2018 468 2052 saepe
482 2007 598 2052 magis
619 2018 728 2042 sensu
742 2019 864 2052 perce·
891 2008 999 2043 etiam
1013 2012 1135 2043 cetera
1148 2008 1225 2043 eius
1243 2012 1415 2054 poemata
1431 2009 1468 2043 lo
1499 2020 1570 2043 uun
1590 2029 1592 2031 -

164 2051 393 2097 pisse,quam
408 2056 506 2086 certo
521 2052 652 2086 mentis
665 2052 864 2087 iudicioex—
889 2058 958 2097 tur,
983 2058 1025 2086 ut
1073 2064 1162 2098 rope
1187 2064 1210 2087 a
1235 2057 1350 2088 semet
1372 2053 1452 2098 ipso
1499 2054 1570 2088 esci

164 2097 347 2141 ploratum
356 2097 531 2131 habuisse
540 2097 718 2131 videntur.
734 2100 863 2138 Quam-
890 2098 984 2132 visse
998 2065 1215 2132 iudicandus
1229 2102 1338 2141 esset,
1353 2098 1383 2131 si
1396 2109 1441 2132 ea
1454 2097 1490 2131 in
1503 2097 1569 2142 Epi
1590 2119 1592 2122 -

166 2141 288 2175 obrem
307 2142 352 2175 de
374 2141 582 2175 discrimine
602 2140 803 2175 Satirarum
829 2146 865 2176 et
890 2142 993 2176 stolis
1002 2142 1280 2176 desideraretur.
1294 2141 1568 2187 Sedquamquat
1588 2157 1592 2190 q

163 2185 413 2230 Epistolarum
454 2185 739 2220 Horatianarum
775 2187 863 2220 mul-
888 2186 1025 2230 passim
1060 2186 1263 2221 istiusmodi
1298 2188 1394 2221 sales
1430 2187 1568 2220 oration
1587 2199 1592 2219 ι

163 2234 239 2264 tum
259 2230 295 2264 in
320 2235 512 2275 utramque
537 2235 677 2274 partem
703 2230 862 2274 disputa·
889 2230 1038 2265 admixti
1058 2234 1154 2275 sunt,
1179 2234 1302 2265 tamen
1323 2230 1468 2266 omnino
1488 2234 1564 2265 cert
1588 2246 1592 2262 ι

163 2278 239 2308 tum
258 2279 324 2317 est,
347 2275 429 2308 aliis
447 2275 539 2308 nihil
557 2274 633 2309 fere
655 2275 862 2319 discrepan-
889 2276 926 2309 in
951 2275 1129 2319 Epistolis
1153 2275 1379 2310 moderatam
1404 2275 1567 2320 quandar
1587 2286 1592 2307 ι

163 2319 236 2354 tiae
256 2319 351 2353 inter
369 2324 544 2364 utrasque
563 2318 728 2354 obtinere
743 2320 862 2354 existi·
889 2319 1091 2364 sapientiae
1107 2319 1337 2364 disciplinam
1354 2330 1393 2354 re
1448 2330 1510 2354 are
1523 2330 1567 2354 ne
1589 2340 1592 2342 -

164 2364 367 2407 mantibus,
417 2364 498 2398 aliis
535 2364 756 2398 contrarium
793 2368 861 2399 sta-
886 2375 943 2398 mo
958 2363 1066 2398 facile
1079 2363 1216 2398 infitias
1236 2363 1351 2399 iverit,
1427 2363 1488 2398 uin
1503 2375 1566 2398 sun
1585 2370 1592 2397 i

164 2409 364 2443 tuentibus.
410 2408 540 2453 Itaque
576 2408 717 2442 iuvabit
751 2409 860 2443 misso
886 2409 996 2443 etiam
1013 2406 1220 2443 nonnullai
1249 2408 1322 2442 sius
1342 2408 1511 2454 epistolia
1533 2407 1565 2442 it
1585 2420 1592 2448 ⁴.

164 2453 345 2488 variarum
359 2452 403 2487 de
418 2453 487 2487 hac
501 2464 539 2487 re
553 2452 766 2498 opinionum
780 2465 861 2488 exa·
886 2458 1109 2497 comparata,
1134 2457 1174 2487 ut
1191 2465 1215 2497 p
1233 2463 1300 2487 ane
1315 2454 1362 2487 ad
1382 2452 1565 2502 vulgariur
1585 2459 1592 2485 1

163 2499 258 2533 mine
295 2497 468 2532 continuo
505 2498 737 2542 exposuisse,
775 2498 860 2542 quid
886 2497 1123 2542 epistolarum
1153 2509 1258 2531 usum
1289 2502 1326 2532 et
1354 2497 1564 2532 consuetudi
1588 2512 1592 2534 1

163 2543 232 2587 ipsi
269 2543 313 2577 de
349 2553 388 2576 re
418 2553 593 2593 perquam
625 2547 862 2577 controversa
885 2553 967 2576 nem
980 2542 1157 2577 accedere
1172 2541 1373 2576 videantur.
1403 2541 1592 2584 Quorsutq

166 2587 376 2630 sentiamus,
404 2598 433 2620 ει
452 2586 547 2620 forte
568 2587 619 2621 ita
637 2586 717 2621 ficri
729 2587 859 2632 possit,
884 2586 1043 2638 pertinet
1061 2586 1218 2631 epistola
1228 2586 1299 2638 'illa
1310 2584 1393 2637 Lib,
1406 2584 1508 2637 1:133,
1524 2595 1564 2619 cu
1587 2602 1592 2636 2

196 2657 210 2681 l
230 2656 368 2682 Obbarius
387 2655 575 2681 commentar.
602 2656 631 2681 in
648 2656 746 2682 Horat.
766 2656 859 2688 Epist.
884 2642 940 2664 lus
976 2631 1084 2665 mOdO
1113 2635 1347 2682 ‚memnonem
1382 2639 1563 2697 Inlecupuf,

162 2690 185 2716 1.
199 2691 223 2715 1.
237 2697 265 2722 p.
280 2691 321 2715 24.
886 2686 958 2722 qua
975 2680 1087 2721 poeta
1110 2686 1235 2710 10cose
1260 2673 1454 2710 admodum
1472 2672 1557 2709 V1n1
