<?xml version="1.0" encoding="UTF-8"?>
<!DOCTYPE html PUBLIC "-//W3C//DTD XHTML 1.0 Transitional//EN"
    "http://www.w3.org/TR/xhtml1/DTD/xhtml1-transitional.dtd">
<html xmlns="http://www.w3.org/1999/xhtml" xml:lang="en" lang="en">
 <head>
  <title>
</title>
<meta http-equiv="Content-Type" content="text/html;charset=utf-8" />
  <meta name='ocr-system' content='tesseract 3.04.00' />
  <meta name='ocr-capabilities' content='ocr_page ocr_carea ocr_par ocr_line ocrx_word'/>
</head>
<body>
  <div class='ocr_page' id='page_1' title='image "./operaomni00horauoft_0054.png"; bbox 0 0 1592 2808; ppageno 0'>
   <div class='ocr_carea' id='block_1_1' title="bbox 455 0 1592 118">
    <p class='ocr_par' dir='ltr' id='par_1_1' title="bbox 455 0 1592 118">
     <span class='ocr_line' id='line_1_1' title="bbox 455 0 1592 118; baseline 0 2690"><span class='ocrx_word' id='word_1_1' title='bbox 455 0 1592 118; x_wconf 95' lang='lat' dir='ltr'> </span> 
     </span>
    </p>
   </div>
   <div class='ocr_carea' id='block_1_2' title="bbox 154 234 1067 267">
    <p class='ocr_par' dir='ltr' id='par_1_2' title="bbox 154 234 1067 267">
     <span class='ocr_line' id='line_1_2' title="bbox 154 234 1067 267; baseline 0.002 -2"><span class='ocrx_word' id='word_1_2' title='bbox 154 234 316 266; x_wconf 81' lang='lat' dir='ltr'>XLVIII</span> <span class='ocrx_word' id='word_1_3' title='bbox 652 239 701 266; x_wconf 72' lang='lat' dir='ltr'>DE</span> <span class='ocrx_word' id='word_1_4' title='bbox 727 239 814 266; x_wconf 74' lang='lat' dir='ltr'>VITA</span> <span class='ocrx_word' id='word_1_5' title='bbox 836 240 886 267; x_wconf 79' lang='grc' dir='ltr'>ΕΤ</span> <span class='ocrx_word' id='word_1_6' title='bbox 909 239 1067 267; x_wconf 70' lang='grc' dir='ltr'><strong>8οΚΙΡἸῚΒ</strong></span> 
     </span>
    </p>
   </div>
   <div class='ocr_carea' id='block_1_3' title="bbox 146 309 1580 2766">
    <p class='ocr_par' dir='ltr' id='par_1_3' title="bbox 151 309 1580 580">
     <span class='ocr_line' id='line_1_3' title="bbox 153 309 1579 358; baseline 0.004 -13"><span class='ocrx_word' id='word_1_7' title='bbox 153 310 263 346; x_wconf 88' lang='lat' dir='ltr'>dubie</span> <span class='ocrx_word' id='word_1_8' title='bbox 282 309 443 345; x_wconf 86' lang='lat' dir='ltr'>futurum</span> <span class='ocrx_word' id='word_1_9' title='bbox 462 313 528 355; x_wconf 84' lang='lat' dir='ltr'>est,</span> <span class='ocrx_word' id='word_1_10' title='bbox 552 314 593 346; x_wconf 93' lang='lat' dir='ltr'>ut</span> <span class='ocrx_word' id='word_1_11' title='bbox 605 311 693 357; x_wconf 92' lang='lat' dir='ltr'>quid</span> <span class='ocrx_word' id='word_1_12' title='bbox 711 311 749 346; x_wconf 90' lang='lat' dir='ltr'>in</span> <span class='ocrx_word' id='word_1_13' title='bbox 763 323 849 358; x_wconf 91' lang='lat' dir='ltr'>quo·</span> <span class='ocrx_word' id='word_1_14' title='bbox 874 324 953 347; x_wconf 92' lang='lat' dir='ltr'>mur</span> <span class='ocrx_word' id='word_1_15' title='bbox 969 313 1154 358; x_wconf 86' lang='lat' dir='ltr'>propriam</span> <span class='ocrx_word' id='word_1_16' title='bbox 1171 313 1245 348; x_wconf 87' lang='lat' dir='ltr'>illis</span> <span class='ocrx_word' id='word_1_17' title='bbox 1263 325 1344 349; x_wconf 89' lang='lat' dir='ltr'>esse</span> <span class='ocrx_word' id='word_1_18' title='bbox 1367 314 1579 350; x_wconf 64' lang='lat' dir='ltr'>iudicantes.</span> 
     </span>
     <span class='ocr_line' id='line_1_4' title="bbox 154 355 1578 408; baseline 0.001 -19"><span class='ocrx_word' id='word_1_19' title='bbox 154 366 224 408; x_wconf 81' lang='lat' dir='ltr'>que</span> <span class='ocrx_word' id='word_1_20' title='bbox 244 355 402 390; x_wconf 84' lang='lat' dir='ltr'>carmine</span> <span class='ocrx_word' id='word_1_21' title='bbox 421 367 596 390; x_wconf 89' lang='lat' dir='ltr'>summum</span> <span class='ocrx_word' id='word_1_22' title='bbox 611 356 658 390; x_wconf 88' lang='lat' dir='ltr'>sit</span> <span class='ocrx_word' id='word_1_23' title='bbox 674 360 784 402; x_wconf 89' lang='lat' dir='ltr'>atque</span> <span class='ocrx_word' id='word_1_24' title='bbox 798 357 849 391; x_wconf 90' lang='lat' dir='ltr'>ul—</span> <span class='ocrx_word' id='word_1_25' title='bbox 874 358 1024 392; x_wconf 90' lang='lat' dir='ltr'>unitatis</span> <span class='ocrx_word' id='word_1_26' title='bbox 1049 369 1093 392; x_wconf 89' lang='lat' dir='ltr'>ac</span> <span class='ocrx_word' id='word_1_27' title='bbox 1117 357 1361 403; x_wconf 79' lang='lat' dir='ltr'><strong>simplicitatis</strong></span> <span class='ocrx_word' id='word_1_28' title='bbox 1390 358 1578 404; x_wconf 76' lang='lat' dir='ltr'>virtutem„</span> 
     </span>
     <span class='ocr_line' id='line_1_5' title="bbox 153 399 1571 448; baseline 0.004 -15"><span class='ocrx_word' id='word_1_29' title='bbox 153 404 289 443; x_wconf 80' lang='lat' dir='ltr'>timum,</span> <span class='ocrx_word' id='word_1_30' title='bbox 315 399 472 446; x_wconf 89' lang='lat' dir='ltr'>denique</span> <span class='ocrx_word' id='word_1_31' title='bbox 497 400 750 445; x_wconf 82' lang='lat' dir='ltr'>perspiciatur.</span> <span class='ocrx_word' id='word_1_32' title='bbox 807 401 850 436; x_wconf 91' lang='lat' dir='ltr'>In</span> <span class='ocrx_word' id='word_1_33' title='bbox 875 402 994 446; x_wconf 87' lang='lat' dir='ltr'>qualis</span> <span class='ocrx_word' id='word_1_34' title='bbox 1007 402 1044 436; x_wconf 93' lang='lat' dir='ltr'>in</span> <span class='ocrx_word' id='word_1_35' title='bbox 1057 413 1280 448; x_wconf 90' lang='lat' dir='ltr'>unoquoque</span> <span class='ocrx_word' id='word_1_36' title='bbox 1292 403 1380 438; x_wconf 84' lang='lat' dir='ltr'>artis</span> <span class='ocrx_word' id='word_1_37' title='bbox 1394 414 1504 448; x_wconf 90' lang='lat' dir='ltr'>opere</span> <span class='ocrx_word' id='word_1_38' title='bbox 1517 415 1571 438; x_wconf 88' lang='lat' dir='ltr'>re·</span> 
     </span>
     <span class='ocr_line' id='line_1_6' title="bbox 152 444 1580 491; baseline 0.004 -13"><span class='ocrx_word' id='word_1_39' title='bbox 152 455 224 490; x_wconf 91' lang='lat' dir='ltr'>qua</span> <span class='ocrx_word' id='word_1_40' title='bbox 257 444 379 479; x_wconf 91' lang='lat' dir='ltr'>uidem</span> <span class='ocrx_word' id='word_1_41' title='bbox 391 456 430 479; x_wconf 89' lang='lat' dir='ltr'>re</span> <span class='ocrx_word' id='word_1_42' title='bbox 437 455 511 479; x_wconf 93' lang='lat' dir='ltr'>non</span> <span class='ocrx_word' id='word_1_43' title='bbox 524 445 652 480; x_wconf 88' lang='lat' dir='ltr'>inutile</span> <span class='ocrx_word' id='word_1_44' title='bbox 660 445 728 480; x_wconf 90' lang='lat' dir='ltr'>erit</span> <span class='ocrx_word' id='word_1_45' title='bbox 740 446 850 480; x_wconf 88' lang='lat' dir='ltr'>etiam</span> <span class='ocrx_word' id='word_1_46' title='bbox 900 446 1038 491; x_wconf 89' lang='lat' dir='ltr'>uiritur,</span> <span class='ocrx_word' id='word_1_47' title='bbox 1060 447 1161 481; x_wconf 90' lang='lat' dir='ltr'>cuius</span> <span class='ocrx_word' id='word_1_48' title='bbox 1175 447 1246 482; x_wconf 88' lang='lat' dir='ltr'>sibi</span> <span class='ocrx_word' id='word_1_49' title='bbox 1259 448 1445 482; x_wconf 88' lang='lat' dir='ltr'>conscium</span> <span class='ocrx_word' id='word_1_50' title='bbox 1458 448 1580 483; x_wconf 62' lang='lat' dir='ltr'>fuisse</span> 
     </span>
     <span class='ocr_line' id='line_1_7' title="bbox 151 456 1571 537; baseline 0.003 -14"><span class='ocrx_word' id='word_1_51' title='bbox 151 456 255 524; x_wconf 57' lang='lat' dir='ltr'>aliud</span> <span class='ocrx_word' id='word_1_52' title='bbox 265 488 353 534; x_wconf 89' lang='lat' dir='ltr'>quid</span> <span class='ocrx_word' id='word_1_53' title='bbox 365 489 677 525; x_wconf 88' lang='lat' dir='ltr'>animadvertisse.</span> <span class='ocrx_word' id='word_1_54' title='bbox 708 491 800 525; x_wconf 90' lang='lat' dir='ltr'>Nam</span> <span class='ocrx_word' id='word_1_55' title='bbox 813 491 850 525; x_wconf 92' lang='lat' dir='ltr'>in</span> <span class='ocrx_word' id='word_1_56' title='bbox 913 491 1066 525; x_wconf 83' lang='lat' dir='ltr'>cratium</span> <span class='ocrx_word' id='word_1_57' title='bbox 1081 503 1123 525; x_wconf 79' lang='lat' dir='ltr'>ex</span> <span class='ocrx_word' id='word_1_58' title='bbox 1142 491 1226 526; x_wconf 87' lang='lat' dir='ltr'>libri</span> <span class='ocrx_word' id='word_1_59' title='bbox 1239 492 1390 527; x_wconf 88' lang='lat' dir='ltr'>secundi</span> <span class='ocrx_word' id='word_1_60' title='bbox 1405 492 1571 537; x_wconf 86' lang='lat' dir='ltr'>epistolis</span> 
     </span>
     <span class='ocr_line' id='line_1_8' title="bbox 152 533 1384 580; baseline 0.002 -12"><span class='ocrx_word' id='word_1_61' title='bbox 152 533 324 568; x_wconf 82' lang='lat' dir='ltr'>didactici</span> <span class='ocrx_word' id='word_1_62' title='bbox 376 534 582 578; x_wconf 85' lang='lat' dir='ltr'>argumenti</span> <span class='ocrx_word' id='word_1_63' title='bbox 629 535 849 570; x_wconf 85' lang='lat' dir='ltr'>carminibus</span> <span class='ocrx_word' id='word_1_64' title='bbox 874 535 1160 570; x_wconf 83' lang='lat' dir='ltr'>luculentissime</span> <span class='ocrx_word' id='word_1_65' title='bbox 1173 536 1384 580; x_wconf 80' lang='lat' dir='ltr'>perspicias.</span> 
     </span>
    </p>

    <p class='ocr_par' dir='ltr' id='par_1_4' title="bbox 146 579 1576 2766">
     <span class='ocr_line' id='line_1_9' title="bbox 150 579 1572 627; baseline 0.003 -15"><span class='ocrx_word' id='word_1_66' title='bbox 150 579 363 623; x_wconf 89' lang='lat' dir='ltr'>plerumque</span> <span class='ocrx_word' id='word_1_67' title='bbox 376 579 605 622; x_wconf 85' lang='lat' dir='ltr'>poetaetiam</span> <span class='ocrx_word' id='word_1_68' title='bbox 618 579 669 613; x_wconf 89' lang='lat' dir='ltr'>ita</span> <span class='ocrx_word' id='word_1_69' title='bbox 681 579 848 624; x_wconf 89' lang='lat' dir='ltr'>instituit,</span> <span class='ocrx_word' id='word_1_70' title='bbox 906 580 984 614; x_wconf 90' lang='lat' dir='ltr'>Iam</span> <span class='ocrx_word' id='word_1_71' title='bbox 1003 591 1088 614; x_wconf 90' lang='lat' dir='ltr'>vero</span> <span class='ocrx_word' id='word_1_72' title='bbox 1107 580 1199 614; x_wconf 91' lang='lat' dir='ltr'>illud</span> <span class='ocrx_word' id='word_1_73' title='bbox 1218 592 1363 627; x_wconf 88' lang='lat' dir='ltr'>quoque</span> <span class='ocrx_word' id='word_1_74' title='bbox 1382 591 1457 616; x_wconf 89' lang='lat' dir='ltr'>non</span> <span class='ocrx_word' id='word_1_75' title='bbox 1470 580 1572 616; x_wconf 88' lang='lat' dir='ltr'>dubi-</span> 
     </span>
     <span class='ocr_line' id='line_1_10' title="bbox 150 623 1572 670; baseline 0.003 -13"><span class='ocrx_word' id='word_1_76' title='bbox 150 626 190 657; x_wconf 89' lang='lat' dir='ltr'>ut</span> <span class='ocrx_word' id='word_1_77' title='bbox 214 623 396 657; x_wconf 87' lang='lat' dir='ltr'>sententia</span> <span class='ocrx_word' id='word_1_78' title='bbox 418 623 591 668; x_wconf 86' lang='lat' dir='ltr'>primaria</span> <span class='ocrx_word' id='word_1_79' title='bbox 610 624 747 668; x_wconf 88' lang='lat' dir='ltr'>duplici</span> <span class='ocrx_word' id='word_1_80' title='bbox 772 624 848 658; x_wconf 88' lang='lat' dir='ltr'>fere</span> <span class='ocrx_word' id='word_1_81' title='bbox 875 628 992 658; x_wconf 91' lang='lat' dir='ltr'>tamus</span> <span class='ocrx_word' id='word_1_82' title='bbox 1012 625 1234 660; x_wconf 84' lang='lat' dir='ltr'>contendere</span> <span class='ocrx_word' id='word_1_83' title='bbox 1253 629 1291 660; x_wconf 87' lang='lat' dir='ltr'>et</span> <span class='ocrx_word' id='word_1_84' title='bbox 1307 625 1501 670; x_wconf 85' lang='lat' dir='ltr'>affirmare,</span> <span class='ocrx_word' id='word_1_85' title='bbox 1522 629 1572 660; x_wconf 83' lang='lat' dir='ltr'>et-</span> 
     </span>
     <span class='ocr_line' id='line_1_11' title="bbox 150 666 1572 714; baseline 0.002 -13"><span class='ocrx_word' id='word_1_86' title='bbox 150 666 292 702; x_wconf 88' lang='lat' dir='ltr'>ratione</span> <span class='ocrx_word' id='word_1_87' title='bbox 313 667 523 702; x_wconf 79' lang='lat' dir='ltr'>illustretur.</span> <span class='ocrx_word' id='word_1_88' title='bbox 558 668 655 702; x_wconf 89' lang='lat' dir='ltr'>Dum</span> <span class='ocrx_word' id='word_1_89' title='bbox 670 669 764 703; x_wconf 87' lang='lat' dir='ltr'>enim</span> <span class='ocrx_word' id='word_1_90' title='bbox 777 668 850 703; x_wconf 91' lang='lat' dir='ltr'>loci</span> <span class='ocrx_word' id='word_1_91' title='bbox 874 668 944 703; x_wconf 89' lang='lat' dir='ltr'>iam</span> <span class='ocrx_word' id='word_1_92' title='bbox 976 668 1140 714; x_wconf 86' lang='lat' dir='ltr'>singulas</span> <span class='ocrx_word' id='word_1_93' title='bbox 1177 669 1374 704; x_wconf 88' lang='lat' dir='ltr'>carminum</span> <span class='ocrx_word' id='word_1_94' title='bbox 1403 670 1572 705; x_wconf 88' lang='lat' dir='ltr'>Horatia-</span> 
     </span>
     <span class='ocr_line' id='line_1_12' title="bbox 151 711 1574 759; baseline 0.003 -14"><span class='ocrx_word' id='word_1_95' title='bbox 151 711 298 757; x_wconf 88' lang='lat' dir='ltr'>quidam</span> <span class='ocrx_word' id='word_1_96' title='bbox 314 723 523 746; x_wconf 89' lang='lat' dir='ltr'>communes</span> <span class='ocrx_word' id='word_1_97' title='bbox 542 717 746 747; x_wconf 83' lang='lat' dir='ltr'>tractantur</span> <span class='ocrx_word' id='word_1_98' title='bbox 758 714 815 747; x_wconf 86' lang='lat' dir='ltr'>vel</span> <span class='ocrx_word' id='word_1_99' title='bbox 830 724 848 748; x_wconf 89' lang='lat' dir='ltr'>e</span> <span class='ocrx_word' id='word_1_100' title='bbox 873 724 1002 747; x_wconf 89' lang='lat' dir='ltr'>norum</span> <span class='ocrx_word' id='word_1_101' title='bbox 1014 718 1138 758; x_wconf 87' lang='lat' dir='ltr'>partes</span> <span class='ocrx_word' id='word_1_102' title='bbox 1153 718 1236 759; x_wconf 89' lang='lat' dir='ltr'>apte</span> <span class='ocrx_word' id='word_1_103' title='bbox 1250 714 1345 749; x_wconf 91' lang='lat' dir='ltr'>inter</span> <span class='ocrx_word' id='word_1_104' title='bbox 1359 726 1397 750; x_wconf 86' lang='lat' dir='ltr'>se</span> <span class='ocrx_word' id='word_1_105' title='bbox 1410 726 1522 749; x_wconf 87' lang='lat' dir='ltr'>nexas</span> <span class='ocrx_word' id='word_1_106' title='bbox 1537 718 1574 749; x_wconf 91' lang='lat' dir='ltr'>et</span> 
     </span>
     <span class='ocr_line' id='line_1_13' title="bbox 150 756 1573 804; baseline 0.001 -14"><span class='ocrx_word' id='word_1_107' title='bbox 150 756 272 790; x_wconf 90' lang='lat' dir='ltr'>media</span> <span class='ocrx_word' id='word_1_108' title='bbox 290 756 365 790; x_wconf 89' lang='lat' dir='ltr'>vita</span> <span class='ocrx_word' id='word_1_109' title='bbox 384 757 444 790; x_wconf 89' lang='lat' dir='ltr'>vel</span> <span class='ocrx_word' id='word_1_110' title='bbox 464 768 508 791; x_wconf 86' lang='lat' dir='ltr'>ex</span> <span class='ocrx_word' id='word_1_111' title='bbox 526 757 728 801; x_wconf 78' lang='lat' dir='ltr'>sapientiae</span> <span class='ocrx_word' id='word_1_112' title='bbox 743 758 850 792; x_wconf 91' lang='lat' dir='ltr'>disci-</span> <span class='ocrx_word' id='word_1_113' title='bbox 875 757 1089 792; x_wconf 85' lang='lat' dir='ltr'>coniunctas</span> <span class='ocrx_word' id='word_1_114' title='bbox 1115 770 1208 802; x_wconf 90' lang='lat' dir='ltr'>esse,</span> <span class='ocrx_word' id='word_1_115' title='bbox 1233 759 1285 794; x_wconf 83' lang='lat' dir='ltr'>ita</span> <span class='ocrx_word' id='word_1_116' title='bbox 1302 763 1344 793; x_wconf 90' lang='lat' dir='ltr'>ut</span> <span class='ocrx_word' id='word_1_117' title='bbox 1360 759 1573 804; x_wconf 87' lang='lat' dir='ltr'>principalis</span> 
     </span>
     <span class='ocr_line' id='line_1_14' title="bbox 148 801 1572 846; baseline 0.003 -12"><span class='ocrx_word' id='word_1_118' title='bbox 148 801 251 846; x_wconf 88' lang='lat' dir='ltr'>plina</span> <span class='ocrx_word' id='word_1_119' title='bbox 273 801 464 845; x_wconf 85' lang='lat' dir='ltr'>depromti,</span> <span class='ocrx_word' id='word_1_120' title='bbox 490 806 530 835; x_wconf 92' lang='lat' dir='ltr'>ut</span> <span class='ocrx_word' id='word_1_121' title='bbox 555 813 664 846; x_wconf 90' lang='lat' dir='ltr'>quum</span> <span class='ocrx_word' id='word_1_122' title='bbox 685 803 847 846; x_wconf 82' lang='lat' dir='ltr'>docetur,</span> <span class='ocrx_word' id='word_1_123' title='bbox 875 803 1077 837; x_wconf 88' lang='lat' dir='ltr'>sententiae</span> <span class='ocrx_word' id='word_1_124' title='bbox 1102 804 1161 838; x_wconf 89' lang='lat' dir='ltr'>vel</span> <span class='ocrx_word' id='word_1_125' title='bbox 1179 815 1220 838; x_wconf 89' lang='lat' dir='ltr'>ar</span> <span class='ocrx_word' id='word_1_126' title='bbox 1273 803 1384 838; x_wconf 89' lang='lat' dir='ltr'>menti</span> <span class='ocrx_word' id='word_1_127' title='bbox 1403 803 1572 838; x_wconf 83' lang='lat' dir='ltr'>tractatio</span> 
     </span>
     <span class='ocr_line' id='line_1_15' title="bbox 150 845 1572 892; baseline 0.002 -13"><span class='ocrx_word' id='word_1_128' title='bbox 150 845 245 880; x_wconf 84' lang='lat' dir='ltr'>vitae</span> <span class='ocrx_word' id='word_1_129' title='bbox 258 845 472 880; x_wconf 84' lang='lat' dir='ltr'>felicitatem</span> <span class='ocrx_word' id='word_1_130' title='bbox 485 846 522 880; x_wconf 90' lang='lat' dir='ltr'>in</span> <span class='ocrx_word' id='word_1_131' title='bbox 534 857 607 881; x_wconf 90' lang='lat' dir='ltr'>uno</span> <span class='ocrx_word' id='word_1_132' title='bbox 621 847 739 881; x_wconf 88' lang='lat' dir='ltr'>animo</span> <span class='ocrx_word' id='word_1_133' title='bbox 750 851 848 881; x_wconf 86' lang='lat' dir='ltr'>sorte</span> <span class='ocrx_word' id='word_1_134' title='bbox 874 846 1019 881; x_wconf 87' lang='lat' dir='ltr'>omnino</span> <span class='ocrx_word' id='word_1_135' title='bbox 1034 847 1181 892; x_wconf 88' lang='lat' dir='ltr'>quidem</span> <span class='ocrx_word' id='word_1_136' title='bbox 1189 859 1228 882; x_wconf 90' lang='lat' dir='ltr'>so</span> <span class='ocrx_word' id='word_1_137' title='bbox 1246 848 1357 882; x_wconf 88' lang='lat' dir='ltr'>lerter</span> <span class='ocrx_word' id='word_1_138' title='bbox 1363 859 1452 892; x_wconf 89' lang='lat' dir='ltr'>pera</span> <span class='ocrx_word' id='word_1_139' title='bbox 1481 851 1572 882; x_wconf 87' lang='lat' dir='ltr'>atur.</span> 
     </span>
     <span class='ocr_line' id='line_1_16' title="bbox 150 891 1574 937; baseline 0.001 -13"><span class='ocrx_word' id='word_1_140' title='bbox 150 901 216 924; x_wconf 87' lang='lat' dir='ltr'>sua</span> <span class='ocrx_word' id='word_1_141' title='bbox 230 894 403 925; x_wconf 89' lang='lat' dir='ltr'>contento</span> <span class='ocrx_word' id='word_1_142' title='bbox 423 891 612 935; x_wconf 88' lang='lat' dir='ltr'>contineri,</span> <span class='ocrx_word' id='word_1_143' title='bbox 633 892 728 926; x_wconf 88' lang='lat' dir='ltr'>vitae</span> <span class='ocrx_word' id='word_1_144' title='bbox 741 891 848 926; x_wconf 88' lang='lat' dir='ltr'>bonis</span> <span class='ocrx_word' id='word_1_145' title='bbox 873 891 1000 926; x_wconf 87' lang='lat' dir='ltr'>Habet</span> <span class='ocrx_word' id='word_1_146' title='bbox 1028 891 1123 926; x_wconf 90' lang='lat' dir='ltr'>enim</span> <span class='ocrx_word' id='word_1_147' title='bbox 1153 893 1438 937; x_wconf 89' lang='lat' dir='ltr'>unumquodque</span> <span class='ocrx_word' id='word_1_148' title='bbox 1496 903 1574 926; x_wconf 89' lang='lat' dir='ltr'>ora·</span> 
     </span>
     <span class='ocr_line' id='line_1_17' title="bbox 150 934 1575 980; baseline 0.001 -12"><span class='ocrx_word' id='word_1_149' title='bbox 150 934 335 980; x_wconf 85' lang='lat' dir='ltr'>sapienter</span> <span class='ocrx_word' id='word_1_150' title='bbox 347 934 540 969; x_wconf 87' lang='lat' dir='ltr'>fruendum</span> <span class='ocrx_word' id='word_1_151' title='bbox 553 947 646 980; x_wconf 89' lang='lat' dir='ltr'>esse,</span> <span class='ocrx_word' id='word_1_152' title='bbox 661 935 847 978; x_wconf 86' lang='lat' dir='ltr'>iustitiam,</span> <span class='ocrx_word' id='word_1_153' title='bbox 873 935 913 969; x_wconf 86' lang='lat' dir='ltr'>tii</span> <span class='ocrx_word' id='word_1_154' title='bbox 937 947 1097 980; x_wconf 88' lang='lat' dir='ltr'>carmen,</span> <span class='ocrx_word' id='word_1_155' title='bbox 1130 937 1160 971; x_wconf 88' lang='lat' dir='ltr'>si</span> <span class='ocrx_word' id='word_1_156' title='bbox 1176 948 1254 972; x_wconf 89' lang='lat' dir='ltr'>rem</span> <span class='ocrx_word' id='word_1_157' title='bbox 1273 941 1443 972; x_wconf 85' lang='lat' dir='ltr'>accurate</span> <span class='ocrx_word' id='word_1_158' title='bbox 1468 937 1575 971; x_wconf 86' lang='lat' dir='ltr'>aesti-</span> 
     </span>
     <span class='ocr_line' id='line_1_18' title="bbox 147 979 1576 1025; baseline 0.001 -12"><span class='ocrx_word' id='word_1_159' title='bbox 147 979 411 1023; x_wconf 80' lang='lat' dir='ltr'>fortitudinem,</span> <span class='ocrx_word' id='word_1_160' title='bbox 432 980 674 1015; x_wconf 85' lang='lat' dir='ltr'>constantiam</span> <span class='ocrx_word' id='word_1_161' title='bbox 686 980 848 1015; x_wconf 83' lang='lat' dir='ltr'>maximis</span> <span class='ocrx_word' id='word_1_162' title='bbox 872 981 1285 1025; x_wconf 83' lang='lat' dir='ltr'>maverimus,dramatis</span> <span class='ocrx_word' id='word_1_163' title='bbox 1299 981 1576 1016; x_wconf 87' lang='lat' dir='ltr'>alicuiusinstar</span> 
     </span>
     <span class='ocr_line' id='line_1_19' title="bbox 149 1024 1575 1071; baseline 0.001 -13"><span class='ocrx_word' id='word_1_164' title='bbox 149 1024 298 1070; x_wconf 85' lang='lat' dir='ltr'>dignam</span> <span class='ocrx_word' id='word_1_165' title='bbox 311 1035 391 1059; x_wconf 87' lang='lat' dir='ltr'>esse</span> <span class='ocrx_word' id='word_1_166' title='bbox 405 1024 588 1070; x_wconf 84' lang='lat' dir='ltr'>laudibus,</span> <span class='ocrx_word' id='word_1_167' title='bbox 609 1029 646 1060; x_wconf 92' lang='lat' dir='ltr'>et</span> <span class='ocrx_word' id='word_1_168' title='bbox 659 1036 751 1071; x_wconf 89' lang='lat' dir='ltr'>quae</span> <span class='ocrx_word' id='word_1_169' title='bbox 766 1028 850 1059; x_wconf 88' lang='lat' dir='ltr'>sunt</span> <span class='ocrx_word' id='word_1_170' title='bbox 873 1025 1026 1069; x_wconf 89' lang='lat' dir='ltr'>initium,</span> <span class='ocrx_word' id='word_1_171' title='bbox 1050 1037 1287 1071; x_wconf 87' lang='lat' dir='ltr'>progressum</span> <span class='ocrx_word' id='word_1_172' title='bbox 1305 1030 1342 1061; x_wconf 90' lang='lat' dir='ltr'>et</span> <span class='ocrx_word' id='word_1_173' title='bbox 1358 1026 1503 1070; x_wconf 87' lang='lat' dir='ltr'>exitum,</span> <span class='ocrx_word' id='word_1_174' title='bbox 1523 1026 1575 1060; x_wconf 91' lang='lat' dir='ltr'>ita</span> 
     </span>
     <span class='ocr_line' id='line_1_20' title="bbox 147 1069 1573 1120; baseline 0.001 -18"><span class='ocrx_word' id='word_1_175' title='bbox 147 1069 187 1102; x_wconf 91' lang='lat' dir='ltr'>id</span> <span class='ocrx_word' id='word_1_176' title='bbox 205 1080 322 1120; x_wconf 80' lang='lat' dir='ltr'>genus</span> <span class='ocrx_word' id='word_1_177' title='bbox 342 1069 416 1103; x_wconf 88' lang='lat' dir='ltr'>alia</span> <span class='ocrx_word' id='word_1_178' title='bbox 435 1069 583 1114; x_wconf 89' lang='lat' dir='ltr'>similia,</span> <span class='ocrx_word' id='word_1_179' title='bbox 609 1069 715 1103; x_wconf 91' lang='lat' dir='ltr'>simul</span> <span class='ocrx_word' id='word_1_180' title='bbox 740 1069 849 1104; x_wconf 90' lang='lat' dir='ltr'>etiam</span> <span class='ocrx_word' id='word_1_181' title='bbox 873 1073 914 1103; x_wconf 91' lang='lat' dir='ltr'>ut</span> <span class='ocrx_word' id='word_1_182' title='bbox 946 1070 1057 1104; x_wconf 88' lang='lat' dir='ltr'>series</span> <span class='ocrx_word' id='word_1_183' title='bbox 1090 1070 1353 1105; x_wconf 87' lang='lat' dir='ltr'>sententiarum</span> <span class='ocrx_word' id='word_1_184' title='bbox 1383 1071 1573 1115; x_wconf 85' lang='lat' dir='ltr'>haudqua-</span> 
     </span>
     <span class='ocr_line' id='line_1_21' title="bbox 147 1113 1575 1160; baseline 0.002 -13"><span class='ocrx_word' id='word_1_185' title='bbox 147 1113 264 1158; x_wconf 89' lang='lat' dir='ltr'>ips1us</span> <span class='ocrx_word' id='word_1_186' title='bbox 284 1113 381 1148; x_wconf 80' lang='lat' dir='ltr'>vitae</span> <span class='ocrx_word' id='word_1_187' title='bbox 400 1114 563 1148; x_wconf 88' lang='lat' dir='ltr'>veritatis</span> <span class='ocrx_word' id='word_1_188' title='bbox 577 1114 722 1148; x_wconf 89' lang='lat' dir='ltr'>ducitur</span> <span class='ocrx_word' id='word_1_189' title='bbox 739 1114 848 1158; x_wconf 89' lang='lat' dir='ltr'>ratio,</span> <span class='ocrx_word' id='word_1_190' title='bbox 875 1125 983 1160; x_wconf 90' lang='lat' dir='ltr'>quam</span> <span class='ocrx_word' id='word_1_191' title='bbox 1013 1114 1186 1150; x_wconf 86' lang='lat' dir='ltr'>interrum</span> <span class='ocrx_word' id='word_1_192' title='bbox 1215 1119 1297 1150; x_wconf 89' lang='lat' dir='ltr'>atur</span> <span class='ocrx_word' id='word_1_193' title='bbox 1329 1119 1394 1150; x_wconf 91' lang='lat' dir='ltr'>aut</span> <span class='ocrx_word' id='word_1_194' title='bbox 1421 1115 1575 1150; x_wconf 85' lang='lat' dir='ltr'>moleste</span> 
     </span>
     <span class='ocr_line' id='line_1_22' title="bbox 149 1157 1575 1206; baseline 0.001 -14"><span class='ocrx_word' id='word_1_195' title='bbox 149 1157 446 1204; x_wconf 89' lang='lat' dir='ltr'>quandoquidem</span> <span class='ocrx_word' id='word_1_196' title='bbox 458 1163 568 1203; x_wconf 89' lang='lat' dir='ltr'>poeta</span> <span class='ocrx_word' id='word_1_197' title='bbox 582 1159 760 1194; x_wconf 82' lang='lat' dir='ltr'>eiusmodi</span> <span class='ocrx_word' id='word_1_198' title='bbox 774 1169 849 1193; x_wconf 87' lang='lat' dir='ltr'>car-</span> <span class='ocrx_word' id='word_1_199' title='bbox 874 1159 1145 1194; x_wconf 86' lang='lat' dir='ltr'>interturbetur.</span> <span class='ocrx_word' id='word_1_200' title='bbox 1212 1171 1407 1206; x_wconf 87' lang='lat' dir='ltr'>uamquam</span> <span class='ocrx_word' id='word_1_201' title='bbox 1419 1170 1494 1194; x_wconf 90' lang='lat' dir='ltr'>non</span> <span class='ocrx_word' id='word_1_202' title='bbox 1503 1159 1575 1194; x_wconf 82' lang='lat' dir='ltr'>exi-</span> 
     </span>
     <span class='ocr_line' id='line_1_23' title="bbox 147 1202 1576 1239; baseline 0.001 -3"><span class='ocrx_word' id='word_1_203' title='bbox 147 1203 245 1237; x_wconf 89' lang='lat' dir='ltr'>mina</span> <span class='ocrx_word' id='word_1_204' title='bbox 276 1202 353 1237; x_wconf 88' lang='lat' dir='ltr'>fere</span> <span class='ocrx_word' id='word_1_205' title='bbox 385 1203 510 1237; x_wconf 91' lang='lat' dir='ltr'>amicis</span> <span class='ocrx_word' id='word_1_206' title='bbox 541 1207 578 1238; x_wconf 89' lang='lat' dir='ltr'>et</span> <span class='ocrx_word' id='word_1_207' title='bbox 609 1203 849 1238; x_wconf 89' lang='lat' dir='ltr'>familiaribus</span> <span class='ocrx_word' id='word_1_208' title='bbox 875 1203 1094 1238; x_wconf 87' lang='lat' dir='ltr'>stimandum</span> <span class='ocrx_word' id='word_1_209' title='bbox 1108 1207 1164 1238; x_wconf 90' lang='lat' dir='ltr'>est</span> <span class='ocrx_word' id='word_1_210' title='bbox 1175 1215 1295 1238; x_wconf 89' lang='lat' dir='ltr'>rerum</span> <span class='ocrx_word' id='word_1_211' title='bbox 1303 1204 1576 1239; x_wconf 82' lang='lat' dir='ltr'>commentatio-</span> 
     </span>
     <span class='ocr_line' id='line_1_24' title="bbox 148 1247 1574 1293; baseline 0.001 -12"><span class='ocrx_word' id='word_1_212' title='bbox 148 1247 335 1292; x_wconf 87' lang='lat' dir='ltr'>inscripsit</span> <span class='ocrx_word' id='word_1_213' title='bbox 348 1247 411 1291; x_wconf 86' lang='lat' dir='ltr'>ita,</span> <span class='ocrx_word' id='word_1_214' title='bbox 432 1254 472 1281; x_wconf 84' lang='lat' dir='ltr'>ut</span> <span class='ocrx_word' id='word_1_215' title='bbox 490 1247 654 1292; x_wconf 91' lang='lat' dir='ltr'>inprimis</span> <span class='ocrx_word' id='word_1_216' title='bbox 669 1248 778 1283; x_wconf 89' lang='lat' dir='ltr'>etiam</span> <span class='ocrx_word' id='word_1_217' title='bbox 790 1259 849 1284; x_wconf 91' lang='lat' dir='ltr'>eo·</span> <span class='ocrx_word' id='word_1_218' title='bbox 874 1248 1002 1283; x_wconf 91' lang='lat' dir='ltr'>nemin</span> <span class='ocrx_word' id='word_1_219' title='bbox 1010 1248 1090 1283; x_wconf 91' lang='lat' dir='ltr'>odis</span> <span class='ocrx_word' id='word_1_220' title='bbox 1098 1249 1311 1283; x_wconf 86' lang='lat' dir='ltr'>Horatianis</span> <span class='ocrx_word' id='word_1_221' title='bbox 1320 1260 1399 1284; x_wconf 88' lang='lat' dir='ltr'>esse</span> <span class='ocrx_word' id='word_1_222' title='bbox 1408 1249 1574 1293; x_wconf 90' lang='lat' dir='ltr'>eandem,</span> 
     </span>
     <span class='ocr_line' id='line_1_25' title="bbox 148 1291 1575 1338; baseline 0.001 -12"><span class='ocrx_word' id='word_1_223' title='bbox 148 1303 227 1326; x_wconf 92' lang='lat' dir='ltr'>rum</span> <span class='ocrx_word' id='word_1_224' title='bbox 255 1302 316 1326; x_wconf 87' lang='lat' dir='ltr'>res</span> <span class='ocrx_word' id='word_1_225' title='bbox 347 1296 384 1327; x_wconf 91' lang='lat' dir='ltr'>et</span> <span class='ocrx_word' id='word_1_226' title='bbox 413 1291 562 1327; x_wconf 83' lang='lat' dir='ltr'>fortuna</span> <span class='ocrx_word' id='word_1_227' title='bbox 597 1293 850 1337; x_wconf 87' lang='lat' dir='ltr'>respiciantur.</span> <span class='ocrx_word' id='word_1_228' title='bbox 875 1304 984 1338; x_wconf 92' lang='lat' dir='ltr'>quam</span> <span class='ocrx_word' id='word_1_229' title='bbox 996 1293 1033 1327; x_wconf 91' lang='lat' dir='ltr'>in</span> <span class='ocrx_word' id='word_1_230' title='bbox 1047 1293 1356 1338; x_wconf 87' lang='lat' dir='ltr'>disputationibus</span> <span class='ocrx_word' id='word_1_231' title='bbox 1371 1293 1575 1328; x_wconf 88' lang='lat' dir='ltr'>dialecticis</span> 
     </span>
     <span class='ocr_line' id='line_1_26' title="bbox 150 1337 1574 1383; baseline 0.002 -13"><span class='ocrx_word' id='word_1_232' title='bbox 150 1337 396 1378; x_wconf 82' lang='lat' dir='ltr'>Quamobrem</span> <span class='ocrx_word' id='word_1_233' title='bbox 412 1348 674 1381; x_wconf 85' lang='lat' dir='ltr'>saepenumero</span> <span class='ocrx_word' id='word_1_234' title='bbox 695 1348 769 1372; x_wconf 92' lang='lat' dir='ltr'>non</span> <span class='ocrx_word' id='word_1_235' title='bbox 787 1338 849 1372; x_wconf 90' lang='lat' dir='ltr'>im·</span> <span class='ocrx_word' id='word_1_236' title='bbox 874 1337 1103 1383; x_wconf 87' lang='lat' dir='ltr'>requirimus.</span> <span class='ocrx_word' id='word_1_237' title='bbox 1138 1338 1216 1373; x_wconf 92' lang='lat' dir='ltr'>Imo</span> <span class='ocrx_word' id='word_1_238' title='bbox 1237 1338 1499 1373; x_wconf 82' lang='lat' dir='ltr'>sententiarum</span> <span class='ocrx_word' id='word_1_239' title='bbox 1518 1349 1574 1373; x_wconf 89' lang='lat' dir='ltr'>re-</span> 
     </span>
     <span class='ocr_line' id='line_1_27' title="bbox 148 1381 1575 1434; baseline 0.001 -19"><span class='ocrx_word' id='word_1_240' title='bbox 148 1381 277 1415; x_wconf 89' lang='lat' dir='ltr'>merito</span> <span class='ocrx_word' id='word_1_241' title='bbox 293 1381 528 1425; x_wconf 88' lang='lat' dir='ltr'>dubitaveris,</span> <span class='ocrx_word' id='word_1_242' title='bbox 549 1386 670 1416; x_wconf 84' lang='lat' dir='ltr'>utrum</span> <span class='ocrx_word' id='word_1_243' title='bbox 688 1383 850 1434; x_wconf 87' lang='lat' dir='ltr'>primari-</span> <span class='ocrx_word' id='word_1_244' title='bbox 873 1393 1023 1427; x_wconf 90' lang='lat' dir='ltr'>rumque</span> <span class='ocrx_word' id='word_1_245' title='bbox 1036 1382 1205 1417; x_wconf 87' lang='lat' dir='ltr'>tractatio</span> <span class='ocrx_word' id='word_1_246' title='bbox 1219 1383 1357 1428; x_wconf 86' lang='lat' dir='ltr'>lyricae</span> <span class='ocrx_word' id='word_1_247' title='bbox 1376 1382 1500 1427; x_wconf 86' lang='lat' dir='ltr'>poesis</span> <span class='ocrx_word' id='word_1_248' title='bbox 1513 1394 1575 1417; x_wconf 88' lang='lat' dir='ltr'>na-</span> 
     </span>
     <span class='ocr_line' id='line_1_28' title="bbox 147 1426 1576 1477; baseline 0.001 -18"><span class='ocrx_word' id='word_1_249' title='bbox 147 1437 207 1459; x_wconf 93' lang='lat' dir='ltr'>um</span> <span class='ocrx_word' id='word_1_250' title='bbox 229 1429 361 1477; x_wconf 87' lang='lat' dir='ltr'>poetae</span> <span class='ocrx_word' id='word_1_251' title='bbox 387 1426 578 1461; x_wconf 89' lang='lat' dir='ltr'>consilium</span> <span class='ocrx_word' id='word_1_252' title='bbox 602 1428 650 1462; x_wconf 86' lang='lat' dir='ltr'>ad</span> <span class='ocrx_word' id='word_1_253' title='bbox 668 1431 765 1462; x_wconf 78' lang='lat' dir='ltr'>vitae</span> <span class='ocrx_word' id='word_1_254' title='bbox 788 1439 850 1462; x_wconf 90' lang='lat' dir='ltr'>ne-</span> <span class='ocrx_word' id='word_1_255' title='bbox 874 1431 976 1461; x_wconf 88' lang='lat' dir='ltr'>turae</span> <span class='ocrx_word' id='word_1_256' title='bbox 985 1431 1022 1461; x_wconf 88' lang='lat' dir='ltr'>et</span> <span class='ocrx_word' id='word_1_257' title='bbox 1032 1427 1576 1462; x_wconf 82' lang='lat' dir='ltr'>indoliconvenienterliberius</span> 
     </span>
     <span class='ocr_line' id='line_1_29' title="bbox 149 1470 1574 1516; baseline 0.001 -12"><span class='ocrx_word' id='word_1_258' title='bbox 149 1470 392 1506; x_wconf 87' lang='lat' dir='ltr'>cess1tudines</span> <span class='ocrx_word' id='word_1_259' title='bbox 434 1482 482 1505; x_wconf 90' lang='lat' dir='ltr'>an</span> <span class='ocrx_word' id='word_1_260' title='bbox 523 1472 571 1506; x_wconf 90' lang='lat' dir='ltr'>ad</span> <span class='ocrx_word' id='word_1_261' title='bbox 618 1472 848 1516; x_wconf 83' lang='lat' dir='ltr'>sententiam,</span> <span class='ocrx_word' id='word_1_262' title='bbox 874 1472 1042 1506; x_wconf 87' lang='lat' dir='ltr'>instituta</span> <span class='ocrx_word' id='word_1_263' title='bbox 1061 1475 1126 1506; x_wconf 89' lang='lat' dir='ltr'>est.</span> <span class='ocrx_word' id='word_1_264' title='bbox 1167 1471 1295 1506; x_wconf 88' lang='lat' dir='ltr'>Habet</span> <span class='ocrx_word' id='word_1_265' title='bbox 1314 1471 1410 1506; x_wconf 90' lang='lat' dir='ltr'>enim</span> <span class='ocrx_word' id='word_1_266' title='bbox 1429 1482 1574 1506; x_wconf 86' lang='lat' dir='ltr'>carmen</span> 
     </span>
     <span class='ocr_line' id='line_1_30' title="bbox 149 1515 1574 1561; baseline 0.001 -12"><span class='ocrx_word' id='word_1_267' title='bbox 149 1515 468 1560; x_wconf 88' lang='lat' dir='ltr'>quamproposuit,</span> <span class='ocrx_word' id='word_1_268' title='bbox 479 1527 703 1550; x_wconf 89' lang='lat' dir='ltr'>communem</span> <span class='ocrx_word' id='word_1_269' title='bbox 715 1516 849 1552; x_wconf 89' lang='lat' dir='ltr'>refera-</span> <span class='ocrx_word' id='word_1_270' title='bbox 874 1516 1026 1561; x_wconf 87' lang='lat' dir='ltr'>lyricum</span> <span class='ocrx_word' id='word_1_271' title='bbox 1041 1516 1186 1550; x_wconf 88' lang='lat' dir='ltr'>omnino</span> <span class='ocrx_word' id='word_1_272' title='bbox 1201 1517 1273 1551; x_wconf 93' lang='lat' dir='ltr'>hoc</span> <span class='ocrx_word' id='word_1_273' title='bbox 1293 1516 1363 1551; x_wconf 86' lang='lat' dir='ltr'>sibi</span> <span class='ocrx_word' id='word_1_274' title='bbox 1374 1516 1574 1561; x_wconf 86' lang='lat' dir='ltr'>proprium,</span> 
     </span>
     <span class='ocr_line' id='line_1_31' title="bbox 147 1560 1574 1606; baseline 0 -12"><span class='ocrx_word' id='word_1_275' title='bbox 147 1564 216 1594; x_wconf 90' lang='lat' dir='ltr'>tur.</span> <span class='ocrx_word' id='word_1_276' title='bbox 251 1560 322 1604; x_wconf 86' lang='lat' dir='ltr'>Ita,</span> <span class='ocrx_word' id='word_1_277' title='bbox 336 1564 377 1594; x_wconf 93' lang='lat' dir='ltr'>ut</span> <span class='ocrx_word' id='word_1_278' title='bbox 390 1560 461 1595; x_wconf 92' lang='lat' dir='ltr'>hoc</span> <span class='ocrx_word' id='word_1_279' title='bbox 474 1565 629 1605; x_wconf 88' lang='lat' dir='ltr'>utamur,</span> <span class='ocrx_word' id='word_1_280' title='bbox 645 1560 761 1596; x_wconf 82' lang='lat' dir='ltr'>Carm.</span> <span class='ocrx_word' id='word_1_281' title='bbox 774 1561 803 1595; x_wconf 93' lang='lat' dir='ltr'>I.</span> <span class='ocrx_word' id='word_1_282' title='bbox 815 1560 848 1595; x_wconf 89' lang='lat'>4.</span> <span class='ocrx_word' id='word_1_283' title='bbox 874 1565 915 1595; x_wconf 91' lang='lat' dir='ltr'>ut</span> <span class='ocrx_word' id='word_1_284' title='bbox 927 1560 1037 1595; x_wconf 89' lang='lat' dir='ltr'>animi</span> <span class='ocrx_word' id='word_1_285' title='bbox 1048 1572 1088 1595; x_wconf 89' lang='lat' dir='ltr'>re</span> <span class='ocrx_word' id='word_1_286' title='bbox 1107 1560 1277 1605; x_wconf 85' lang='lat' dir='ltr'>quapiam</span> <span class='ocrx_word' id='word_1_287' title='bbox 1290 1564 1442 1606; x_wconf 86' lang='lat' dir='ltr'>propter</span> <span class='ocrx_word' id='word_1_288' title='bbox 1459 1560 1574 1606; x_wconf 89' lang='lat' dir='ltr'>digni-</span> 
     </span>
     <span class='ocr_line' id='line_1_32' title="bbox 147 1604 1572 1657; baseline -0.001 -18"><span class='ocrx_word' id='word_1_289' title='bbox 147 1605 196 1639; x_wconf 87' lang='lat' dir='ltr'>ad</span> <span class='ocrx_word' id='word_1_290' title='bbox 212 1604 256 1639; x_wconf 90' lang='lat' dir='ltr'>L.</span> <span class='ocrx_word' id='word_1_291' title='bbox 278 1604 439 1639; x_wconf 83' lang='lat' dir='ltr'>Sextium</span> <span class='ocrx_word' id='word_1_292' title='bbox 463 1605 666 1650; x_wconf 89' lang='lat' dir='ltr'>perscripto</span> <span class='ocrx_word' id='word_1_293' title='bbox 686 1606 848 1650; x_wconf 88' lang='lat' dir='ltr'>docetur,</span> <span class='ocrx_word' id='word_1_294' title='bbox 873 1605 960 1640; x_wconf 88' lang='lat' dir='ltr'>tatis</span> <span class='ocrx_word' id='word_1_295' title='bbox 980 1617 1023 1639; x_wconf 89' lang='lat' dir='ltr'>ac</span> <span class='ocrx_word' id='word_1_296' title='bbox 1035 1605 1292 1650; x_wconf 86' lang='lat' dir='ltr'>pulcritudinis</span> <span class='ocrx_word' id='word_1_297' title='bbox 1311 1605 1471 1650; x_wconf 88' lang='lat' dir='ltr'>speciem</span> <span class='ocrx_word' id='word_1_298' title='bbox 1485 1605 1572 1657; x_wconf 87' lang='lat' dir='ltr'>plus</span> 
     </span>
     <span class='ocr_line' id='line_1_33' title="bbox 148 1650 1576 1696; baseline 0.001 -13"><span class='ocrx_word' id='word_1_299' title='bbox 148 1660 211 1683; x_wconf 90' lang='lat' dir='ltr'>car</span> <span class='ocrx_word' id='word_1_300' title='bbox 239 1650 422 1684; x_wconf 89' lang='lat' dir='ltr'>endaesse</span> <span class='ocrx_word' id='word_1_301' title='bbox 431 1650 527 1685; x_wconf 77' lang='lat' dir='ltr'>vitae</span> <span class='ocrx_word' id='word_1_302' title='bbox 536 1650 848 1696; x_wconf 85' lang='lat' dir='ltr'>gaudia‚quando-</span> <span class='ocrx_word' id='word_1_303' title='bbox 873 1650 1036 1684; x_wconf 89' lang='lat' dir='ltr'>minusve</span> <span class='ocrx_word' id='word_1_304' title='bbox 1051 1650 1221 1684; x_wconf 88' lang='lat' dir='ltr'>commoti</span> <span class='ocrx_word' id='word_1_305' title='bbox 1235 1661 1344 1685; x_wconf 86' lang='lat' dir='ltr'>sensa</span> <span class='ocrx_word' id='word_1_306' title='bbox 1357 1653 1394 1685; x_wconf 91' lang='lat' dir='ltr'>et</span> <span class='ocrx_word' id='word_1_307' title='bbox 1411 1653 1576 1695; x_wconf 80' lang='lat' dir='ltr'>cogitata</span> 
     </span>
     <span class='ocr_line' id='line_1_34' title="bbox 149 1693 1573 1740; baseline 0 -12"><span class='ocrx_word' id='word_1_308' title='bbox 149 1693 210 1740; x_wconf 92' lang='lat' dir='ltr'>qui</span> <span class='ocrx_word' id='word_1_309' title='bbox 239 1698 340 1729; x_wconf 91' lang='lat' dir='ltr'>emet</span> <span class='ocrx_word' id='word_1_310' title='bbox 351 1694 639 1729; x_wconf 87' lang='lat' dir='ltr'>redeuntisveris</span> <span class='ocrx_word' id='word_1_311' title='bbox 648 1695 848 1730; x_wconf 87' lang='lat' dir='ltr'>amoenitas</span> <span class='ocrx_word' id='word_1_312' title='bbox 874 1698 984 1730; x_wconf 86' lang='lat' dir='ltr'>cantu</span> <span class='ocrx_word' id='word_1_313' title='bbox 1005 1693 1158 1729; x_wconf 88' lang='lat' dir='ltr'>affectus</span> <span class='ocrx_word' id='word_1_314' title='bbox 1178 1695 1290 1740; x_wconf 88' lang='lat' dir='ltr'>pleno</span> <span class='ocrx_word' id='word_1_315' title='bbox 1310 1695 1425 1730; x_wconf 88' lang='lat' dir='ltr'>libere</span> <span class='ocrx_word' id='word_1_316' title='bbox 1446 1705 1573 1739; x_wconf 86' lang='lat' dir='ltr'>expro-</span> 
     </span>
     <span class='ocr_line' id='line_1_35' title="bbox 148 1738 1574 1784; baseline -0.001 -10"><span class='ocrx_word' id='word_1_317' title='bbox 148 1742 186 1774; x_wconf 89' lang='lat' dir='ltr'>et</span> <span class='ocrx_word' id='word_1_318' title='bbox 207 1738 303 1773; x_wconf 90' lang='lat' dir='ltr'>vitae</span> <span class='ocrx_word' id='word_1_319' title='bbox 329 1739 518 1774; x_wconf 89' lang='lat' dir='ltr'>brevitatis</span> <span class='ocrx_word' id='word_1_320' title='bbox 544 1739 719 1784; x_wconf 86' lang='lat' dir='ltr'>cogitatio</span> <span class='ocrx_word' id='word_1_321' title='bbox 740 1740 788 1774; x_wconf 89' lang='lat' dir='ltr'>ad</span> <span class='ocrx_word' id='word_1_322' title='bbox 811 1740 848 1774; x_wconf 92' lang='lat' dir='ltr'>id</span> <span class='ocrx_word' id='word_1_323' title='bbox 872 1744 957 1774; x_wconf 86' lang='lat' dir='ltr'>mat.</span> <span class='ocrx_word' id='word_1_324' title='bbox 993 1739 1227 1784; x_wconf 83' lang='lat' dir='ltr'>Quapropter</span> <span class='ocrx_word' id='word_1_325' title='bbox 1245 1739 1370 1784; x_wconf 89' lang='lat' dir='ltr'>etiam,</span> <span class='ocrx_word' id='word_1_326' title='bbox 1389 1742 1431 1774; x_wconf 91' lang='lat' dir='ltr'>ut</span> <span class='ocrx_word' id='word_1_327' title='bbox 1447 1739 1519 1774; x_wconf 91' lang='lat' dir='ltr'>hoc</span> <span class='ocrx_word' id='word_1_328' title='bbox 1536 1739 1574 1773; x_wconf 90' lang='lat' dir='ltr'>in</span> 
     </span>
     <span class='ocr_line' id='line_1_36' title="bbox 149 1783 1575 1828; baseline 0 -10"><span class='ocrx_word' id='word_1_329' title='bbox 149 1784 372 1827; x_wconf 88' lang='lat' dir='ltr'>cohortetur,</span> <span class='ocrx_word' id='word_1_330' title='bbox 393 1784 499 1818; x_wconf 88' lang='lat' dir='ltr'>simul</span> <span class='ocrx_word' id='word_1_331' title='bbox 513 1788 633 1819; x_wconf 89' lang='lat' dir='ltr'>autem</span> <span class='ocrx_word' id='word_1_332' title='bbox 645 1784 689 1818; x_wconf 90' lang='lat' dir='ltr'>L.</span> <span class='ocrx_word' id='word_1_333' title='bbox 704 1783 848 1818; x_wconf 84' lang='lat' dir='ltr'>Sextius</span> <span class='ocrx_word' id='word_1_334' title='bbox 873 1789 1084 1818; x_wconf 89' lang='lat' dir='ltr'>transcursu</span> <span class='ocrx_word' id='word_1_335' title='bbox 1096 1795 1317 1828; x_wconf 90' lang='lat' dir='ltr'>moneamus,</span> <span class='ocrx_word' id='word_1_336' title='bbox 1327 1784 1424 1828; x_wconf 91' lang='lat' dir='ltr'>apud</span> <span class='ocrx_word' id='word_1_337' title='bbox 1431 1787 1575 1819; x_wconf 87' lang='lat' dir='ltr'>veteres</span> 
     </span>
     <span class='ocr_line' id='line_1_37' title="bbox 149 1828 1576 1872; baseline 0.001 -10"><span class='ocrx_word' id='word_1_338' title='bbox 149 1828 376 1872; x_wconf 83' lang='lat' dir='ltr'>admonetur,</span> <span class='ocrx_word' id='word_1_339' title='bbox 391 1832 433 1862; x_wconf 90' lang='lat' dir='ltr'>ut</span> <span class='ocrx_word' id='word_1_340' title='bbox 443 1828 519 1863; x_wconf 88' lang='lat' dir='ltr'>vita</span> <span class='ocrx_word' id='word_1_341' title='bbox 530 1829 672 1863; x_wconf 85' lang='lat' dir='ltr'>fruatur</span> <span class='ocrx_word' id='word_1_342' title='bbox 685 1828 849 1864; x_wconf 88' lang='lat' dir='ltr'>hilariter</span> <span class='ocrx_word' id='word_1_343' title='bbox 875 1829 1039 1864; x_wconf 89' lang='lat' dir='ltr'>Graecos</span> <span class='ocrx_word' id='word_1_344' title='bbox 1065 1828 1243 1863; x_wconf 88' lang='lat' dir='ltr'>eiusmodi</span> <span class='ocrx_word' id='word_1_345' title='bbox 1269 1828 1429 1863; x_wconf 84' lang='lat' dir='ltr'>carmina</span> <span class='ocrx_word' id='word_1_346' title='bbox 1446 1839 1576 1863; x_wconf 83' lang='lat' dir='ltr'>revera</span> 
     </span>
     <span class='ocr_line' id='line_1_38' title="bbox 146 1872 1574 1919; baseline 0 -11"><span class='ocrx_word' id='word_1_347' title='bbox 146 1884 267 1918; x_wconf 89' lang='lat' dir='ltr'>neque</span> <span class='ocrx_word' id='word_1_348' title='bbox 287 1883 326 1908; x_wconf 85' lang='lat' dir='ltr'>se</span> <span class='ocrx_word' id='word_1_349' title='bbox 344 1874 467 1908; x_wconf 82' lang='lat' dir='ltr'>tradat</span> <span class='ocrx_word' id='word_1_350' title='bbox 483 1873 652 1908; x_wconf 87' lang='lat' dir='ltr'>tristitiae</span> <span class='ocrx_word' id='word_1_351' title='bbox 672 1878 709 1908; x_wconf 89' lang='lat' dir='ltr'>et</span> <span class='ocrx_word' id='word_1_352' title='bbox 732 1874 847 1919; x_wconf 87' lang='lat' dir='ltr'>aegri·</span> <span class='ocrx_word' id='word_1_353' title='bbox 873 1875 920 1908; x_wconf 89' lang='lat' dir='ltr'>ad</span> <span class='ocrx_word' id='word_1_354' title='bbox 945 1874 1074 1908; x_wconf 92' lang='lat' dir='ltr'>modos</span> <span class='ocrx_word' id='word_1_355' title='bbox 1094 1874 1207 1918; x_wconf 88' lang='lat' dir='ltr'>lyrae,</span> <span class='ocrx_word' id='word_1_356' title='bbox 1235 1877 1273 1907; x_wconf 91' lang='lat' dir='ltr'>et</span> <span class='ocrx_word' id='word_1_357' title='bbox 1294 1884 1378 1907; x_wconf 87' lang='lat' dir='ltr'>mox</span> <span class='ocrx_word' id='word_1_358' title='bbox 1396 1872 1506 1908; x_wconf 85' lang='lat' dir='ltr'>etiam</span> <span class='ocrx_word' id='word_1_359' title='bbox 1526 1873 1574 1908; x_wconf 87' lang='lat' dir='ltr'>ad</span> 
     </span>
     <span class='ocr_line' id='line_1_39' title="bbox 146 1917 1574 1963; baseline 0 -11"><span class='ocrx_word' id='word_1_360' title='bbox 146 1917 301 1953; x_wconf 89' lang='lat' dir='ltr'>moniae.</span> <span class='ocrx_word' id='word_1_361' title='bbox 337 1918 494 1954; x_wconf 89' lang='lat' dir='ltr'>Utrumi</span> <span class='ocrx_word' id='word_1_362' title='bbox 525 1918 596 1952; x_wconf 90' lang='lat' dir='ltr'>itur</span> <span class='ocrx_word' id='word_1_363' title='bbox 619 1918 742 1963; x_wconf 86' lang='lat' dir='ltr'>potius</span> <span class='ocrx_word' id='word_1_364' title='bbox 768 1930 848 1953; x_wconf 90' lang='lat' dir='ltr'>esse</span> <span class='ocrx_word' id='word_1_365' title='bbox 872 1919 1000 1952; x_wconf 90' lang='lat' dir='ltr'>modos</span> <span class='ocrx_word' id='word_1_366' title='bbox 1013 1917 1137 1962; x_wconf 88' lang='lat' dir='ltr'>tibiae,</span> <span class='ocrx_word' id='word_1_367' title='bbox 1152 1918 1390 1962; x_wconf 89' lang='lat' dir='ltr'>canebantur,</span> <span class='ocrx_word' id='word_1_368' title='bbox 1399 1918 1496 1952; x_wconf 91' lang='lat' dir='ltr'>unde</span> <span class='ocrx_word' id='word_1_369' title='bbox 1509 1928 1574 1952; x_wconf 90' lang='lat' dir='ltr'>no·</span> 
     </span>
     <span class='ocr_line' id='line_1_40' title="bbox 147 1961 1572 2007; baseline 0.001 -10"><span class='ocrx_word' id='word_1_370' title='bbox 147 1962 428 1998; x_wconf 83' lang='lat' dir='ltr'>arbitrabimur?</span> <span class='ocrx_word' id='word_1_371' title='bbox 515 1963 655 1997; x_wconf 90' lang='lat' dir='ltr'>imirum</span> <span class='ocrx_word' id='word_1_372' title='bbox 685 1963 847 1998; x_wconf 87' lang='lat' dir='ltr'>dicamus</span> <span class='ocrx_word' id='word_1_373' title='bbox 872 1974 954 1997; x_wconf 89' lang='lat' dir='ltr'>men</span> <span class='ocrx_word' id='word_1_374' title='bbox 967 1962 1128 2007; x_wconf 88' lang='lat' dir='ltr'>ipsorum</span> <span class='ocrx_word' id='word_1_375' title='bbox 1142 1966 1306 1996; x_wconf 84' lang='lat' dir='ltr'>exortum</span> <span class='ocrx_word' id='word_1_376' title='bbox 1323 1965 1390 1997; x_wconf 88' lang='lat' dir='ltr'>est.</span> <span class='ocrx_word' id='word_1_377' title='bbox 1427 1961 1572 2007; x_wconf 85' lang='lat' dir='ltr'>Quippe</span> 
     </span>
     <span class='ocr_line' id='line_1_41' title="bbox 147 2007 1573 2052; baseline -0.001 -10"><span class='ocrx_word' id='word_1_378' title='bbox 147 2007 287 2052; x_wconf 87' lang='lat' dir='ltr'>paucis,</span> <span class='ocrx_word' id='word_1_379' title='bbox 350 2007 412 2042; x_wconf 92' lang='lat' dir='ltr'>uid</span> <span class='ocrx_word' id='word_1_380' title='bbox 448 2007 502 2041; x_wconf 88' lang='lat' dir='ltr'>rei</span> <span class='ocrx_word' id='word_1_381' title='bbox 539 2007 595 2041; x_wconf 91' lang='lat' dir='ltr'>sit.</span> <span class='ocrx_word' id='word_1_382' title='bbox 660 2007 850 2052; x_wconf 86' lang='lat' dir='ltr'>Spectavit</span> <span class='ocrx_word' id='word_1_383' title='bbox 872 2007 1047 2052; x_wconf 88' lang='lat' dir='ltr'>fuitapud</span> <span class='ocrx_word' id='word_1_384' title='bbox 1060 2007 1144 2041; x_wconf 88' lang='lat' dir='ltr'>illos</span> <span class='ocrx_word' id='word_1_385' title='bbox 1156 2007 1311 2042; x_wconf 83' lang='lat' dir='ltr'>maxima</span> <span class='ocrx_word' id='word_1_386' title='bbox 1323 2017 1481 2052; x_wconf 87' lang='lat' dir='ltr'>poeseos</span> <span class='ocrx_word' id='word_1_387' title='bbox 1492 2017 1573 2041; x_wconf 90' lang='lat' dir='ltr'>cum</span> 
     </span>
     <span class='ocr_line' id='line_1_42' title="bbox 146 2051 1574 2097; baseline -0.001 -11"><span class='ocrx_word' id='word_1_388' title='bbox 146 2055 257 2097; x_wconf 87' lang='lat' dir='ltr'>poeta</span> <span class='ocrx_word' id='word_1_389' title='bbox 280 2052 318 2086; x_wconf 90' lang='lat' dir='ltr'>in</span> <span class='ocrx_word' id='word_1_390' title='bbox 368 2052 399 2086; x_wconf 90' lang='lat' dir='ltr'>is</span> <span class='ocrx_word' id='word_1_391' title='bbox 426 2063 513 2086; x_wconf 89' lang='lat' dir='ltr'>sane</span> <span class='ocrx_word' id='word_1_392' title='bbox 534 2051 758 2086; x_wconf 87' lang='lat' dir='ltr'>Graecorum</span> <span class='ocrx_word' id='word_1_393' title='bbox 777 2053 847 2087; x_wconf 88' lang='lat' dir='ltr'>ele·</span> <span class='ocrx_word' id='word_1_394' title='bbox 873 2057 950 2087; x_wconf 88' lang='lat' dir='ltr'>arte</span> <span class='ocrx_word' id='word_1_395' title='bbox 964 2051 1316 2086; x_wconf 81' lang='lat' dir='ltr'>musicaconiunctio</span> <span class='ocrx_word' id='word_1_396' title='bbox 1325 2055 1363 2087; x_wconf 91' lang='lat' dir='ltr'>et</span> <span class='ocrx_word' id='word_1_397' title='bbox 1374 2051 1574 2087; x_wconf 86' lang='lat' dir='ltr'>necessitu-</span> 
     </span>
     <span class='ocr_line' id='line_1_43' title="bbox 147 2095 1574 2148; baseline 0 -18"><span class='ocrx_word' id='word_1_398' title='bbox 147 2096 322 2142; x_wconf 85' lang='lat' dir='ltr'>gantiam,</span> <span class='ocrx_word' id='word_1_399' title='bbox 339 2097 457 2141; x_wconf 90' lang='lat' dir='ltr'>qualis</span> <span class='ocrx_word' id='word_1_400' title='bbox 471 2097 506 2131; x_wconf 90' lang='lat' dir='ltr'>in</span> <span class='ocrx_word' id='word_1_401' title='bbox 536 2097 634 2130; x_wconf 91' lang='lat' dir='ltr'>rimis</span> <span class='ocrx_word' id='word_1_402' title='bbox 649 2097 758 2131; x_wconf 89' lang='lat' dir='ltr'>etiam</span> <span class='ocrx_word' id='word_1_403' title='bbox 774 2108 848 2132; x_wconf 91' lang='lat' dir='ltr'>cer·</span> <span class='ocrx_word' id='word_1_404' title='bbox 873 2098 939 2140; x_wconf 82' lang='lat' dir='ltr'>do3</span> <span class='ocrx_word' id='word_1_405' title='bbox 965 2097 1009 2131; x_wconf 87' lang='lat' dir='ltr'>de</span> <span class='ocrx_word' id='word_1_406' title='bbox 1030 2108 1102 2148; x_wconf 87' lang='lat' dir='ltr'>qua</span> <span class='ocrx_word' id='word_1_407' title='bbox 1119 2107 1158 2131; x_wconf 88' lang='lat' dir='ltr'>re</span> <span class='ocrx_word' id='word_1_408' title='bbox 1178 2108 1210 2130; x_wconf 76' lang='lat' dir='ltr'>V.</span> <span class='ocrx_word' id='word_1_409' title='bbox 1223 2100 1372 2140; x_wconf 88' lang='lat' dir='ltr'>praeter</span> <span class='ocrx_word' id='word_1_410' title='bbox 1385 2096 1478 2131; x_wconf 87' lang='lat' dir='ltr'>alios</span> <span class='ocrx_word' id='word_1_411' title='bbox 1490 2095 1574 2130; x_wconf 87' lang='lat' dir='ltr'>Lie-</span> 
     </span>
     <span class='ocr_line' id='line_1_44' title="bbox 146 2109 1574 2187; baseline 0 -13"><span class='ocrx_word' id='word_1_412' title='bbox 146 2141 245 2175; x_wconf 88' lang='lat' dir='ltr'>nitur</span> <span class='ocrx_word' id='word_1_413' title='bbox 263 2141 301 2175; x_wconf 91' lang='lat' dir='ltr'>in</span> <span class='ocrx_word' id='word_1_414' title='bbox 315 2141 472 2186; x_wconf 86' lang='lat' dir='ltr'>dialogis</span> <span class='ocrx_word' id='word_1_415' title='bbox 486 2109 663 2185; x_wconf 46' lang='lat' dir='ltr'>Platonis,</span> <span class='ocrx_word' id='word_1_416' title='bbox 684 2153 756 2187; x_wconf 91' lang='lat' dir='ltr'>qua</span> <span class='ocrx_word' id='word_1_417' title='bbox 775 2153 849 2176; x_wconf 90' lang='lat' dir='ltr'>una</span> <span class='ocrx_word' id='word_1_418' title='bbox 872 2142 934 2176; x_wconf 91' lang='lat' dir='ltr'>bel</span> <span class='ocrx_word' id='word_1_419' title='bbox 953 2141 996 2175; x_wconf 90' lang='lat' dir='ltr'>de</span> <span class='ocrx_word' id='word_1_420' title='bbox 1010 2142 1098 2177; x_wconf 82' lang='lat' dir='ltr'>Vita</span> <span class='ocrx_word' id='word_1_421' title='bbox 1115 2139 1341 2176; x_wconf 86' lang='lat' dir='ltr'>Archilochi.</span> <span class='ocrx_word' id='word_1_422' title='bbox 1365 2142 1394 2184; x_wconf 68' lang='grc' dir='ltr'>ἓ.</span> <span class='ocrx_word' id='word_1_423' title='bbox 1412 2140 1479 2174; x_wconf 92' lang='grc' dir='ltr'>ΙΠ.</span> <span class='ocrx_word' id='word_1_424' title='bbox 1497 2152 1532 2185; x_wconf 89' lang='lat' dir='ltr'>p.</span> <span class='ocrx_word' id='word_1_425' title='bbox 1552 2140 1574 2174; x_wconf 92' lang='lat'>8</span> 
     </span>
     <span class='ocr_line' id='line_1_45' title="bbox 147 2185 1573 2231; baseline -0.001 -11"><span class='ocrx_word' id='word_1_426' title='bbox 147 2186 348 2230; x_wconf 87' lang='lat' dir='ltr'>eademque</span> <span class='ocrx_word' id='word_1_427' title='bbox 368 2197 480 2230; x_wconf 89' lang='lat' dir='ltr'>opera</span> <span class='ocrx_word' id='word_1_428' title='bbox 499 2190 536 2220; x_wconf 92' lang='lat' dir='ltr'>et</span> <span class='ocrx_word' id='word_1_429' title='bbox 557 2186 653 2220; x_wconf 86' lang='lat' dir='ltr'>vitae</span> <span class='ocrx_word' id='word_1_430' title='bbox 672 2198 848 2231; x_wconf 88' lang='lat' dir='ltr'>usurpan-</span> <span class='ocrx_word' id='word_1_431' title='bbox 875 2197 956 2231; x_wconf 89' lang='lat' dir='ltr'>sqq.</span> <span class='ocrx_word' id='word_1_432' title='bbox 991 2186 1128 2220; x_wconf 85' lang='lat' dir='ltr'>Verum</span> <span class='ocrx_word' id='word_1_433' title='bbox 1145 2189 1278 2230; x_wconf 86' lang='lat' dir='ltr'>postea</span> <span class='ocrx_word' id='word_1_434' title='bbox 1300 2195 1390 2219; x_wconf 87' lang='lat' dir='ltr'>usus</span> <span class='ocrx_word' id='word_1_435' title='bbox 1408 2185 1471 2220; x_wconf 85' lang='lat' dir='ltr'>ille</span> <span class='ocrx_word' id='word_1_436' title='bbox 1491 2195 1573 2219; x_wconf 85' lang='lat' dir='ltr'>eva-</span> 
     </span>
     <span class='ocr_line' id='line_1_46' title="bbox 148 2230 1572 2275; baseline -0.001 -11"><span class='ocrx_word' id='word_1_437' title='bbox 148 2231 218 2265; x_wconf 89' lang='lat' dir='ltr'>dac</span> <span class='ocrx_word' id='word_1_438' title='bbox 267 2235 304 2264; x_wconf 89' lang='lat' dir='ltr'>et</span> <span class='ocrx_word' id='word_1_439' title='bbox 344 2230 545 2275; x_wconf 83' lang='lat' dir='ltr'>sapientiae</span> <span class='ocrx_word' id='word_1_440' title='bbox 594 2231 848 2265; x_wconf 86' lang='lat' dir='ltr'>observandae</span> <span class='ocrx_word' id='word_1_441' title='bbox 872 2231 951 2265; x_wconf 90' lang='lat' dir='ltr'>nuit</span> <span class='ocrx_word' id='word_1_442' title='bbox 965 2230 1122 2275; x_wconf 88' lang='lat' dir='ltr'>quidem,</span> <span class='ocrx_word' id='word_1_443' title='bbox 1138 2231 1202 2265; x_wconf 91' lang='lat' dir='ltr'>sed</span> <span class='ocrx_word' id='word_1_444' title='bbox 1214 2230 1347 2265; x_wconf 89' lang='lat' dir='ltr'>mansit</span> <span class='ocrx_word' id='word_1_445' title='bbox 1358 2230 1572 2273; x_wconf 83' lang='lat' dir='ltr'>tamenhoc,</span> 
     </span>
     <span class='ocr_line' id='line_1_47' title="bbox 147 2273 1572 2320; baseline 0 -12"><span class='ocrx_word' id='word_1_446' title='bbox 147 2279 346 2320; x_wconf 86' lang='lat' dir='ltr'>praecepta</span> <span class='ocrx_word' id='word_1_447' title='bbox 358 2275 395 2309; x_wconf 89' lang='lat' dir='ltr'>in</span> <span class='ocrx_word' id='word_1_448' title='bbox 408 2275 607 2309; x_wconf 89' lang='lat' dir='ltr'>illustriore</span> <span class='ocrx_word' id='word_1_449' title='bbox 620 2275 701 2309; x_wconf 92' lang='lat' dir='ltr'>luce</span> <span class='ocrx_word' id='word_1_450' title='bbox 737 2287 848 2310; x_wconf 91' lang='lat' dir='ltr'>onun-</span> <span class='ocrx_word' id='word_1_451' title='bbox 873 2279 914 2309; x_wconf 93' lang='lat' dir='ltr'>ut</span> <span class='ocrx_word' id='word_1_452' title='bbox 927 2274 1105 2309; x_wconf 89' lang='lat' dir='ltr'>eiusmodi</span> <span class='ocrx_word' id='word_1_453' title='bbox 1114 2273 1572 2318; x_wconf 87' lang='lat' dir='ltr'>carminaaffectus,motus</span> 
     </span>
     <span class='ocr_line' id='line_1_48' title="bbox 147 2318 1572 2372; baseline -0.001 -19"><span class='ocrx_word' id='word_1_454' title='bbox 147 2324 217 2354; x_wconf 90' lang='lat' dir='ltr'>tur.</span> <span class='ocrx_word' id='word_1_455' title='bbox 254 2319 397 2372; x_wconf 82' lang='lat' dir='ltr'>Quippe</span> <span class='ocrx_word' id='word_1_456' title='bbox 411 2323 603 2364; x_wconf 87' lang='lat' dir='ltr'>utrumque</span> <span class='ocrx_word' id='word_1_457' title='bbox 617 2319 689 2353; x_wconf 91' lang='lat' dir='ltr'>istu</span> <span class='ocrx_word' id='word_1_458' title='bbox 718 2346 726 2363; x_wconf 95' lang='lat'>,</span> <span class='ocrx_word' id='word_1_459' title='bbox 747 2320 848 2354; x_wconf 88' lang='lat' dir='ltr'>sive·</span> <span class='ocrx_word' id='word_1_460' title='bbox 873 2331 917 2354; x_wconf 91' lang='lat' dir='ltr'>ac</span> <span class='ocrx_word' id='word_1_461' title='bbox 938 2330 1066 2354; x_wconf 87' lang='lat' dir='ltr'>sensus</span> <span class='ocrx_word' id='word_1_462' title='bbox 1086 2319 1195 2354; x_wconf 85' lang='lat' dir='ltr'>animi</span> <span class='ocrx_word' id='word_1_463' title='bbox 1214 2319 1456 2364; x_wconf 87' lang='lat' dir='ltr'>exprimerent</span> <span class='ocrx_word' id='word_1_464' title='bbox 1473 2318 1572 2353; x_wconf 89' lang='lat' dir='ltr'>ideo-</span> 
     </span>
     <span class='ocr_line' id='line_1_49' title="bbox 147 2363 1573 2410; baseline -0.001 -12"><span class='ocrx_word' id='word_1_465' title='bbox 147 2376 225 2399; x_wconf 90' lang='lat' dir='ltr'>rum</span> <span class='ocrx_word' id='word_1_466' title='bbox 260 2364 369 2399; x_wconf 80' lang='lat' dir='ltr'>fateri</span> <span class='ocrx_word' id='word_1_467' title='bbox 398 2364 576 2407; x_wconf 89' lang='lat' dir='ltr'>volumus,</span> <span class='ocrx_word' id='word_1_468' title='bbox 614 2364 771 2410; x_wconf 89' lang='lat' dir='ltr'>denique</span> <span class='ocrx_word' id='word_1_469' title='bbox 802 2365 849 2399; x_wconf 90' lang='lat' dir='ltr'>ad</span> <span class='ocrx_word' id='word_1_470' title='bbox 899 2375 944 2399; x_wconf 94' lang='lat' dir='ltr'>ue</span> <span class='ocrx_word' id='word_1_471' title='bbox 975 2363 1098 2398; x_wconf 87' lang='lat' dir='ltr'>cantui</span> <span class='ocrx_word' id='word_1_472' title='bbox 1133 2368 1258 2399; x_wconf 88' lang='lat' dir='ltr'>essent</span> <span class='ocrx_word' id='word_1_473' title='bbox 1288 2363 1573 2398; x_wconf 85' lang='lat' dir='ltr'>accommodata.</span> 
     </span>
     <span class='ocr_line' id='line_1_50' title="bbox 147 2407 1572 2454; baseline -0.001 -11"><span class='ocrx_word' id='word_1_474' title='bbox 147 2421 258 2443; x_wconf 88' lang='lat' dir='ltr'>unum</span> <span class='ocrx_word' id='word_1_475' title='bbox 287 2409 517 2454; x_wconf 90' lang='lat' dir='ltr'>eundemque</span> <span class='ocrx_word' id='word_1_476' title='bbox 542 2408 651 2443; x_wconf 90' lang='lat' dir='ltr'>finem</span> <span class='ocrx_word' id='word_1_477' title='bbox 678 2410 847 2453; x_wconf 90' lang='lat' dir='ltr'>pertinet,</span> <span class='ocrx_word' id='word_1_478' title='bbox 908 2420 991 2443; x_wconf 91' lang='lat' dir='ltr'>uam</span> <span class='ocrx_word' id='word_1_479' title='bbox 1004 2408 1121 2453; x_wconf 86' lang='lat' dir='ltr'>ipsam</span> <span class='ocrx_word' id='word_1_480' title='bbox 1135 2409 1182 2443; x_wconf 93' lang='lat' dir='ltr'>ob</span> <span class='ocrx_word' id='word_1_481' title='bbox 1197 2419 1365 2443; x_wconf 87' lang='lat' dir='ltr'>caussam</span> <span class='ocrx_word' id='word_1_482' title='bbox 1379 2407 1487 2443; x_wconf 87' lang='lat' dir='ltr'>etiam</span> <span class='ocrx_word' id='word_1_483' title='bbox 1500 2407 1572 2441; x_wconf 89' lang='lat' dir='ltr'>for-</span> 
     </span>
     <span class='ocr_line' id='line_1_51' title="bbox 149 2452 1572 2499; baseline -0.002 -11"><span class='ocrx_word' id='word_1_484' title='bbox 149 2458 277 2499; x_wconf 81' lang='lat' dir='ltr'>estque</span> <span class='ocrx_word' id='word_1_485' title='bbox 302 2454 455 2488; x_wconf 83' lang='lat' dir='ltr'>alterum</span> <span class='ocrx_word' id='word_1_486' title='bbox 481 2465 561 2488; x_wconf 90' lang='lat' dir='ltr'>cum</span> <span class='ocrx_word' id='word_1_487' title='bbox 586 2454 702 2488; x_wconf 91' lang='lat' dir='ltr'>altero</span> <span class='ocrx_word' id='word_1_488' title='bbox 727 2458 848 2488; x_wconf 87' lang='lat' dir='ltr'>mente</span> <span class='ocrx_word' id='word_1_489' title='bbox 873 2464 967 2487; x_wconf 89' lang='lat' dir='ltr'>mam</span> <span class='ocrx_word' id='word_1_490' title='bbox 988 2453 1112 2487; x_wconf 89' lang='lat' dir='ltr'>cantui</span> <span class='ocrx_word' id='word_1_491' title='bbox 1125 2457 1249 2497; x_wconf 90' lang='lat' dir='ltr'>aptam</span> <span class='ocrx_word' id='word_1_492' title='bbox 1267 2452 1505 2495; x_wconf 89' lang='lat' dir='ltr'>retinuerunt,</span> <span class='ocrx_word' id='word_1_493' title='bbox 1520 2454 1572 2486; x_wconf 90' lang='lat' dir='ltr'>et-</span> 
     </span>
     <span class='ocr_line' id='line_1_52' title="bbox 148 2495 1572 2544; baseline -0.001 -12"><span class='ocrx_word' id='word_1_494' title='bbox 148 2502 185 2532; x_wconf 91' lang='lat' dir='ltr'>et</span> <span class='ocrx_word' id='word_1_495' title='bbox 198 2498 422 2544; x_wconf 87' lang='lat' dir='ltr'>cogitatione</span> <span class='ocrx_word' id='word_1_496' title='bbox 441 2498 479 2532; x_wconf 92' lang='lat' dir='ltr'>in</span> <span class='ocrx_word' id='word_1_497' title='bbox 498 2510 610 2532; x_wconf 90' lang='lat' dir='ltr'>unum</span> <span class='ocrx_word' id='word_1_498' title='bbox 631 2503 848 2533; x_wconf 86' lang='lat' dir='ltr'>connecten—</span> <span class='ocrx_word' id='word_1_499' title='bbox 872 2497 976 2532; x_wconf 84' lang='lat' dir='ltr'>iamsi</span> <span class='ocrx_word' id='word_1_500' title='bbox 990 2509 1063 2532; x_wconf 91' lang='lat' dir='ltr'>non</span> <span class='ocrx_word' id='word_1_501' title='bbox 1077 2497 1232 2542; x_wconf 87' lang='lat' dir='ltr'>amplius</span> <span class='ocrx_word' id='word_1_502' title='bbox 1248 2500 1494 2532; x_wconf 84' lang='lat' dir='ltr'>cantarentur.</span> <span class='ocrx_word' id='word_1_503' title='bbox 1528 2495 1572 2530; x_wconf 87' lang='lat' dir='ltr'>Id</span> 
     </span>
     <span class='ocr_line' id='line_1_53' title="bbox 149 2540 1571 2588; baseline -0.001 -11"><span class='ocrx_word' id='word_1_504' title='bbox 149 2543 244 2577; x_wconf 89' lang='lat' dir='ltr'>dum.</span> <span class='ocrx_word' id='word_1_505' title='bbox 281 2542 465 2588; x_wconf 88' lang='lat' dir='ltr'>Sequutus</span> <span class='ocrx_word' id='word_1_506' title='bbox 478 2543 573 2578; x_wconf 90' lang='lat' dir='ltr'>enim</span> <span class='ocrx_word' id='word_1_507' title='bbox 585 2543 763 2577; x_wconf 87' lang='lat' dir='ltr'>Horatius</span> <span class='ocrx_word' id='word_1_508' title='bbox 781 2543 848 2577; x_wconf 89' lang='lat' dir='ltr'>uti·</span> <span class='ocrx_word' id='word_1_509' title='bbox 874 2542 972 2588; x_wconf 92' lang='lat' dir='ltr'>quod</span> <span class='ocrx_word' id='word_1_510' title='bbox 998 2542 1107 2576; x_wconf 89' lang='lat' dir='ltr'>etiam</span> <span class='ocrx_word' id='word_1_511' title='bbox 1125 2542 1172 2576; x_wconf 89' lang='lat' dir='ltr'>ab</span> <span class='ocrx_word' id='word_1_512' title='bbox 1192 2542 1349 2576; x_wconf 89' lang='lat' dir='ltr'>Horatio</span> <span class='ocrx_word' id='word_1_513' title='bbox 1367 2541 1419 2576; x_wconf 80' lang='lat' dir='ltr'>ita</span> <span class='ocrx_word' id='word_1_514' title='bbox 1434 2540 1571 2576; x_wconf 84' lang='lat' dir='ltr'>factum</span> 
     </span>
     <span class='ocr_line' id='line_1_54' title="bbox 148 2585 1572 2633; baseline -0.002 -11"><span class='ocrx_word' id='word_1_515' title='bbox 148 2599 218 2632; x_wconf 88' lang='lat' dir='ltr'>que</span> <span class='ocrx_word' id='word_1_516' title='bbox 232 2587 303 2622; x_wconf 92' lang='lat' dir='ltr'>hoc</span> <span class='ocrx_word' id='word_1_517' title='bbox 317 2592 383 2630; x_wconf 89' lang='lat' dir='ltr'>est,</span> <span class='ocrx_word' id='word_1_518' title='bbox 403 2591 442 2622; x_wconf 93' lang='lat' dir='ltr'>ut</span> <span class='ocrx_word' id='word_1_519' title='bbox 459 2588 575 2633; x_wconf 84' lang='lat' dir='ltr'>lyrica</span> <span class='ocrx_word' id='word_1_520' title='bbox 592 2587 670 2622; x_wconf 89' lang='lat' dir='ltr'>eius</span> <span class='ocrx_word' id='word_1_521' title='bbox 691 2587 850 2623; x_wconf 88' lang='lat' dir='ltr'>carmina</span> <span class='ocrx_word' id='word_1_522' title='bbox 873 2598 954 2622; x_wconf 90' lang='lat' dir='ltr'>esse</span> <span class='ocrx_word' id='word_1_523' title='bbox 967 2586 1145 2621; x_wconf 89' lang='lat' dir='ltr'>novimus.</span> <span class='ocrx_word' id='word_1_524' title='bbox 1183 2585 1256 2621; x_wconf 91' lang='lat' dir='ltr'>Sed</span> <span class='ocrx_word' id='word_1_525' title='bbox 1268 2586 1493 2629; x_wconf 86' lang='lat' dir='ltr'>revertimur,</span> <span class='ocrx_word' id='word_1_526' title='bbox 1507 2596 1572 2619; x_wconf 91' lang='lat' dir='ltr'>un-</span> 
     </span>
     <span class='ocr_line' id='line_1_55' title="bbox 149 2628 1572 2681; baseline -0.001 -15"><span class='ocrx_word' id='word_1_527' title='bbox 149 2633 195 2667; x_wconf 87' lang='lat' dir='ltr'>ad</span> <span class='ocrx_word' id='word_1_528' title='bbox 220 2644 327 2667; x_wconf 90' lang='lat' dir='ltr'>unam</span> <span class='ocrx_word' id='word_1_529' title='bbox 346 2632 506 2678; x_wconf 86' lang='lat' dir='ltr'>aliquam</span> <span class='ocrx_word' id='word_1_530' title='bbox 524 2632 644 2667; x_wconf 91' lang='lat' dir='ltr'>ideam</span> <span class='ocrx_word' id='word_1_531' title='bbox 663 2636 700 2667; x_wconf 87' lang='lat' dir='ltr'>et</span> <span class='ocrx_word' id='word_1_532' title='bbox 717 2633 848 2668; x_wconf 89' lang='lat' dir='ltr'>mentis</span> <span class='ocrx_word' id='word_1_533' title='bbox 873 2632 918 2666; x_wconf 91' lang='lat' dir='ltr'>de</span> <span class='ocrx_word' id='word_1_534' title='bbox 938 2631 1025 2666; x_wconf 85' lang='lat' dir='ltr'>data</span> <span class='ocrx_word' id='word_1_535' title='bbox 1038 2631 1232 2666; x_wconf 84' lang='lat' dir='ltr'>occasione</span> <span class='ocrx_word' id='word_1_536' title='bbox 1245 2630 1447 2676; x_wconf 82' lang='lat' dir='ltr'>paullisper</span> <span class='ocrx_word' id='word_1_537' title='bbox 1460 2628 1572 2681; x_wconf 58' lang='lat' dir='ltr'>detle-</span> 
     </span>
     <span class='ocr_line' id='line_1_56' title="bbox 149 2675 1569 2722; baseline -0.001 -12"><span class='ocrx_word' id='word_1_538' title='bbox 149 2676 258 2711; x_wconf 86' lang='lat' dir='ltr'>animi</span> <span class='ocrx_word' id='word_1_539' title='bbox 286 2688 331 2712; x_wconf 87' lang='lat' dir='ltr'>ue</span> <span class='ocrx_word' id='word_1_540' title='bbox 358 2688 400 2712; x_wconf 94' lang='lat' dir='ltr'>co</span> <span class='ocrx_word' id='word_1_541' title='bbox 431 2677 618 2712; x_wconf 85' lang='lat' dir='ltr'>&#39;tationem</span> <span class='ocrx_word' id='word_1_542' title='bbox 637 2681 849 2722; x_wconf 87' lang='lat' dir='ltr'>comparata</span> <span class='ocrx_word' id='word_1_543' title='bbox 872 2676 998 2710; x_wconf 86' lang='lat' dir='ltr'>ximus.</span> <span class='ocrx_word' id='word_1_544' title='bbox 1034 2676 1159 2710; x_wconf 87' lang='lat' dir='ltr'>Habet</span> <span class='ocrx_word' id='word_1_545' title='bbox 1177 2676 1289 2721; x_wconf 88' lang='lat' dir='ltr'>igitur</span> <span class='ocrx_word' id='word_1_546' title='bbox 1305 2677 1428 2721; x_wconf 83' lang='lat' dir='ltr'>poesis</span> <span class='ocrx_word' id='word_1_547' title='bbox 1453 2675 1569 2719; x_wconf 82' lang='lat' dir='ltr'>lynca</span> 
     </span>
     <span class='ocr_line' id='line_1_57' title="bbox 149 2719 1570 2766; baseline -0.003 -8"><span class='ocrx_word' id='word_1_548' title='bbox 149 2721 231 2758; x_wconf 83' lang='lat' dir='ltr'>sint.</span> <span class='ocrx_word' id='word_1_549' title='bbox 301 2733 407 2757; x_wconf 82' lang='lat' dir='ltr'>uamo</span> <span class='ocrx_word' id='word_1_550' title='bbox 437 2734 513 2758; x_wconf 87' lang='lat' dir='ltr'>rem</span> <span class='ocrx_word' id='word_1_551' title='bbox 530 2733 598 2758; x_wconf 88' lang='lat' dir='ltr'>nec</span> <span class='ocrx_word' id='word_1_552' title='bbox 617 2733 738 2758; x_wconf 88' lang='lat' dir='ltr'>errare</span> <span class='ocrx_word' id='word_1_553' title='bbox 751 2721 848 2758; x_wconf 88' lang='lat' dir='ltr'>vide·</span> <span class='ocrx_word' id='word_1_554' title='bbox 873 2721 943 2756; x_wconf 90' lang='lat' dir='ltr'>hoc</span> <span class='ocrx_word' id='word_1_555' title='bbox 957 2720 1027 2756; x_wconf 83' lang='lat' dir='ltr'>sibi</span> <span class='ocrx_word' id='word_1_556' title='bbox 1037 2719 1237 2766; x_wconf 88' lang='lat' dir='ltr'>proprium,</span> <span class='ocrx_word' id='word_1_557' title='bbox 1249 2721 1343 2756; x_wconf 87' lang='lat' dir='ltr'>utab</span> <span class='ocrx_word' id='word_1_558' title='bbox 1356 2722 1476 2756; x_wconf 85' lang='lat' dir='ltr'>animo</span> <span class='ocrx_word' id='word_1_559' title='bbox 1488 2728 1570 2764; x_wconf 85' lang='lat' dir='ltr'>pro-</span> 
     </span>
    </p>
   </div>
  </div>
 </body>
</html>
