1500 2820
417 173 693 212 CARMINUM
715 170 814 208 LIB.
832 170 882 207 11.

337 514 394 566 Q.
420 511 704 554 HoRA'rn
732 509 969 550 FLAGOI

163 638 1135 726 CARMINUM

380 800 560 839 LIBER
591 797 917 836 SECUNDUS.

51 503 72 509 ’
71 521 82 540 *1

481 977 746 1020 GARMEN
774 977 814 1017 Ι.

301 1077 370 1110 AD
397 1075 441 1109 o.
466 1075 676 1109 Asnaum
699 1073 1003 1107 POLLIONEM.

193 1160 359 1204 Motum
384 1174 437 1203 ex
459 1159 634 1202 Metello
659 1158 830 1202 consule
855 1159 1033 1201 civicum

193 1223 372 1280 bellique
397 1238 569 1266 caussas
596 1228 637 1265 et
660 1222 761 1265 vitia
785 1228 826 1265 et
849 1222 997 1265 modos

248 1287 476 1342 ludumque
499 1286 711 1329 Fortunae
735 1300 969 1344 gravesque

307 1349 542 1407 principum
566 1349 768 1392 amicitias
795 1356 835 1391 et
860 1365 975 1391 arma

193 1430 378 1474 nondum
402 1430 578 1487 expiatis
602 1436 729 1472 uncta
753 1429 982 1481 cruoribus,

194 1493 450 1551 periculosae
474 1493 644 1550 plenum
669 1508 774 1550 opus
800 1493 928 1544 aleae,

250 1563 420 1608 tractas,
447 1563 488 1598 et
510 1556 669 1599 incedis
694 1571 769 1613 per
792 1557 912 1613 ignes

308 1620 544 1678 suppositos
570 1620 699 1662 cineri
723 1620 882 1663 doloso.

191 1703 377 1761 paullum
402 1718 571 1746 severae
594 1702 724 1746 Musa
747 1703 986 1760 tragoediae

194 1767 300 1809 desit
323 1766 513 1809 theatris:
538 1782 655 1817 mox,
681 1765 754 1808 ubi
777 1765 966 1822 publicas

249 1844 315 1872 res
340 1829 560 1880 ordinaris,
585 1830 742 1886 grande
766 1845 919 1871 munus

309 1892 513 1948 Cecropio
537 1899 699 1948 repetes
725 1892 939 1943 cothurno,

193 1966 355 2023 insigne
379 1966 550 2008 maestis
573 1966 828 2022 praesidium
852 1966 946 2017 reis,

195 2035 235 2070 et
259 2028 508 2079 consulenti,
534 2028 689 2080 Pollio,
716 2029 866 2080 curiae,

252 2092 319 2133 cui
342 2091 482 2133 laurus
508 2098 697 2134 aeternos
722 2092 900 2135 honores

308 2153 546 2197 Dalmatico
569 2155 729 2211 peperit
752 2155 975 2212 triumpho.

197 2228 278 2270 iam
302 2242 412 2270 nunc
436 2228 588 2270 minaci
612 2244 822 2272 murmure
848 2244 1049 2272 cornuum

195 2291 438 2348 perstringis
464 2306 584 2334 aures
592 2309 604 2343 3
629 2292 713 2334 iam
736 2293 828 2334 litui
853 2298 1060 2349 strepunt3

251 2353 334 2395 iam
357 2354 495 2411 fulgor
518 2370 727 2397 armorum
750 2355 924 2413 fugaces

309 2423 430 2459 terret
455 2432 582 2473 equos
608 2419 876 2474 equitumque
899 2419 1052 2462 vultus.

197 2491 336 2533 audire
359 2507 534 2549 magnos
558 2493 642 2535 iam
665 2494 808 2537 videor
831 2494 958 2537 duces

197 2569 280 2596 non
302 2554 495 2598 indecoro
518 2556 688 2612 pulvere
714 2557 916 2608 sordidos,

255 2624 295 2659 et
317 2624 466 2661 cuncta
488 2625 688 2662 terrarum
713 2620 886 2662 subacta

310 2687 470 2736 praeter
494 2689 674 2725 atrocem
699 2684 882 2725 animum
909 2683 1093 2731 Catonis.

1273 162 1327 221 31
