<?xml version="1.0" encoding="UTF-8"?>
<!DOCTYPE html PUBLIC "-//W3C//DTD XHTML 1.0 Transitional//EN"
    "http://www.w3.org/TR/xhtml1/DTD/xhtml1-transitional.dtd">
<html xmlns="http://www.w3.org/1999/xhtml" xml:lang="en" lang="en">
 <head>
  <title>
</title>
<meta http-equiv="Content-Type" content="text/html;charset=utf-8" />
  <meta name='ocr-system' content='tesseract 3.04.00' />
  <meta name='ocr-capabilities' content='ocr_page ocr_carea ocr_par ocr_line ocrx_word'/>
</head>
<body>
  <div class='ocr_page' id='page_1' title='image "./operaomni00horauoft_0185.png"; bbox 0 0 1500 2820; ppageno 0'>
   <div class='ocr_carea' id='block_1_1' title="bbox 0 0 532 360">
    <p class='ocr_par' dir='ltr' id='par_1_1' title="bbox 0 0 532 360">
     <span class='ocr_line' id='line_1_1' title="bbox 0 0 532 251; baseline 0 0"><span class='ocrx_word' id='word_1_1' title='bbox 0 0 532 251; x_wconf 95' lang='lat' dir='ltr'>  </span> 
     </span>
     <span class='ocr_line' id='line_1_2' title="bbox 10 251 178 360; baseline 0 2460"><span class='ocrx_word' id='word_1_2' title='bbox 10 251 178 360; x_wconf 95' lang='lat' dir='ltr'> </span> 
     </span>
    </p>
   </div>
   <div class='ocr_carea' id='block_1_2' title="bbox 421 191 899 231">
    <p class='ocr_par' dir='ltr' id='par_1_2' title="bbox 421 191 899 231">
     <span class='ocr_line' id='line_1_3' title="bbox 421 191 899 231; baseline -0.004 -1"><span class='ocrx_word' id='word_1_3' title='bbox 421 193 694 231; x_wconf 79' lang='lat' dir='ltr'><strong>CARMINUM</strong></span> <span class='ocrx_word' id='word_1_4' title='bbox 716 192 814 228; x_wconf 93' lang='lat' dir='ltr'><strong>LIB.</strong></span> <span class='ocrx_word' id='word_1_5' title='bbox 832 191 899 229; x_wconf 88' lang='lat' dir='ltr'>IV.</span> 
     </span>
    </p>
   </div>
   <div class='ocr_carea' id='block_1_3' title="bbox 199 297 1003 483">
    <p class='ocr_par' dir='ltr' id='par_1_3' title="bbox 199 297 1003 483">
     <span class='ocr_line' id='line_1_4' title="bbox 199 297 980 353; baseline -0.006 -9"><span class='ocrx_word' id='word_1_6' title='bbox 199 308 247 344; x_wconf 88' lang='lat' dir='ltr'>ut</span> <span class='ocrx_word' id='word_1_7' title='bbox 269 307 410 343; x_wconf 85' lang='lat' dir='ltr'>tamen</span> <span class='ocrx_word' id='word_1_8' title='bbox 432 299 564 349; x_wconf 88' lang='lat' dir='ltr'>noris,</span> <span class='ocrx_word' id='word_1_9' title='bbox 590 297 740 353; x_wconf 90' lang='lat' dir='ltr'>quibus</span> <span class='ocrx_word' id='word_1_10' title='bbox 766 297 980 340; x_wconf 86' lang='lat' dir='ltr'>advoceris</span> 
     </span>
     <span class='ocr_line' id='line_1_5' title="bbox 201 361 952 422; baseline -0.005 -16"><span class='ocrx_word' id='word_1_11' title='bbox 201 363 383 422; x_wconf 85' lang='lat' dir='ltr'>gaudiis,</span> <span class='ocrx_word' id='word_1_12' title='bbox 408 362 510 405; x_wconf 89' lang='lat' dir='ltr'>Idus</span> <span class='ocrx_word' id='word_1_13' title='bbox 533 361 609 404; x_wconf 84' lang='lat' dir='ltr'>tibi</span> <span class='ocrx_word' id='word_1_14' title='bbox 633 367 730 403; x_wconf 88' lang='lat' dir='ltr'>sunt</span> <span class='ocrx_word' id='word_1_15' title='bbox 753 361 952 418; x_wconf 85' lang='lat' dir='ltr'>agendae,</span> 
     </span>
     <span class='ocr_line' id='line_1_6' title="bbox 200 423 1003 483; baseline -0.005 -14"><span class='ocrx_word' id='word_1_16' title='bbox 200 427 272 483; x_wconf 91' lang='lat' dir='ltr'>qui</span> <span class='ocrx_word' id='word_1_17' title='bbox 296 427 384 468; x_wconf 89' lang='lat' dir='ltr'>dies</span> <span class='ocrx_word' id='word_1_18' title='bbox 409 439 596 468; x_wconf 86' lang='lat' dir='ltr'>mensem</span> <span class='ocrx_word' id='word_1_19' title='bbox 619 423 796 467; x_wconf 90' lang='lat' dir='ltr'>Veneris</span> <span class='ocrx_word' id='word_1_20' title='bbox 821 423 1003 466; x_wconf 85' lang='lat' dir='ltr'>marinae</span> 
     </span>
    </p>
   </div>
   <div class='ocr_carea' id='block_1_4' title="bbox 284 487 628 545">
    <p class='ocr_par' dir='ltr' id='par_1_4' title="bbox 284 487 628 545">
     <span class='ocr_line' id='line_1_7' title="bbox 284 487 628 545; baseline -0.006 -14"><span class='ocrx_word' id='word_1_21' title='bbox 284 489 403 531; x_wconf 76' lang='lat' dir='ltr'>findit</span> <span class='ocrx_word' id='word_1_22' title='bbox 425 487 628 545; x_wconf 83' lang='lat' dir='ltr'><strong>Aprilem,</strong></span> 
     </span>
    </p>
   </div>
   <div class='ocr_carea' id='block_1_5' title="bbox 199 578 1010 813">
    <p class='ocr_par' dir='ltr' id='par_1_5' title="bbox 199 578 936 633">
     <span class='ocr_line' id='line_1_8' title="bbox 199 578 936 633; baseline -0.004 -10"><span class='ocrx_word' id='word_1_23' title='bbox 199 581 289 623; x_wconf 88' lang='lat' dir='ltr'>iure</span> <span class='ocrx_word' id='word_1_24' title='bbox 315 579 524 623; x_wconf 89' lang='lat' dir='ltr'>sollemnis</span> <span class='ocrx_word' id='word_1_25' title='bbox 548 578 651 621; x_wconf 91' lang='lat' dir='ltr'>mihi</span> <span class='ocrx_word' id='word_1_26' title='bbox 675 578 936 633; x_wconf 79' lang='lat' dir='ltr'>sanctiorque</span> 
     </span>
    </p>

    <p class='ocr_par' dir='ltr' id='par_1_6' title="bbox 200 641 1010 700">
     <span class='ocr_line' id='line_1_9' title="bbox 200 641 1010 700; baseline -0.005 -14"><span class='ocrx_word' id='word_1_27' title='bbox 200 658 332 700; x_wconf 86' lang='lat' dir='ltr'>paene</span> <span class='ocrx_word' id='word_1_28' title='bbox 355 642 483 685; x_wconf 87' lang='lat' dir='ltr'>natali</span> <span class='ocrx_word' id='word_1_29' title='bbox 506 642 691 698; x_wconf 88' lang='lat' dir='ltr'>proprio,</span> <span class='ocrx_word' id='word_1_30' title='bbox 718 641 831 696; x_wconf 91' lang='lat' dir='ltr'>quod</span> <span class='ocrx_word' id='word_1_31' title='bbox 855 656 908 683; x_wconf 86' lang='lat' dir='ltr'>ex</span> <span class='ocrx_word' id='word_1_32' title='bbox 931 641 1010 683; x_wconf 87' lang='lat' dir='ltr'>hac</span> 
     </span>
    </p>

    <p class='ocr_par' dir='ltr' id='par_1_7' title="bbox 200 704 930 813">
     <span class='ocr_line' id='line_1_10' title="bbox 200 704 930 749; baseline -0.004 0"><span class='ocrx_word' id='word_1_33' title='bbox 200 707 293 749; x_wconf 92' lang='lat' dir='ltr'>luce</span> <span class='ocrx_word' id='word_1_34' title='bbox 317 706 543 748; x_wconf 81' lang='lat' dir='ltr'>Maecenas</span> <span class='ocrx_word' id='word_1_35' title='bbox 567 720 685 747; x_wconf 87' lang='lat' dir='ltr'>meus</span> <span class='ocrx_word' id='word_1_36' title='bbox 712 704 930 747; x_wconf 86' lang='lat' dir='ltr'>affluentes</span> 
     </span>
     <span class='ocr_line' id='line_1_11' title="bbox 286 769 616 813; baseline -0.006 0"><span class='ocrx_word' id='word_1_37' title='bbox 286 769 449 813; x_wconf 84' lang='lat' dir='ltr'>ordinat</span> <span class='ocrx_word' id='word_1_38' title='bbox 472 783 616 811; x_wconf 86' lang='lat' dir='ltr'>annos.</span> 
     </span>
    </p>
   </div>
   <div class='ocr_carea' id='block_1_6' title="bbox 201 858 1079 1108">
    <p class='ocr_par' dir='ltr' id='par_1_8' title="bbox 203 858 1079 918">
     <span class='ocr_line' id='line_1_12' title="bbox 203 858 1079 918; baseline -0.005 -14"><span class='ocrx_word' id='word_1_39' title='bbox 203 861 453 918; x_wconf 87' lang='lat' dir='ltr'>Telephum,</span> <span class='ocrx_word' id='word_1_40' title='bbox 479 875 603 915; x_wconf 90' lang='lat' dir='ltr'>quem</span> <span class='ocrx_word' id='word_1_41' title='bbox 627 866 674 902; x_wconf 89' lang='lat' dir='ltr'>tu</span> <span class='ocrx_word' id='word_1_42' title='bbox 695 859 822 916; x_wconf 86' lang='lat' dir='ltr'>petis,</span> <span class='ocrx_word' id='word_1_43' title='bbox 848 858 1079 915; x_wconf 87' lang='lat' dir='ltr'>occupavit,</span> 
     </span>
    </p>

    <p class='ocr_par' dir='ltr' id='par_1_9' title="bbox 201 923 951 980">
     <span class='ocr_line' id='line_1_13' title="bbox 201 923 951 980; baseline -0.003 -13"><span class='ocrx_word' id='word_1_44' title='bbox 201 940 285 967; x_wconf 89' lang='lat' dir='ltr'>non</span> <span class='ocrx_word' id='word_1_45' title='bbox 308 931 403 967; x_wconf 85' lang='lat' dir='ltr'>tuae</span> <span class='ocrx_word' id='word_1_46' title='bbox 428 923 550 967; x_wconf 84' lang='lat' dir='ltr'>sortis</span> <span class='ocrx_word' id='word_1_47' title='bbox 574 923 786 974; x_wconf 88' lang='lat' dir='ltr'>iuvenem,</span> <span class='ocrx_word' id='word_1_48' title='bbox 811 923 951 980; x_wconf 90' lang='lat' dir='ltr'>puella</span> 
     </span>
    </p>

    <p class='ocr_par' dir='ltr' id='par_1_10' title="bbox 203 987 928 1108">
     <span class='ocr_line' id='line_1_14' title="bbox 203 987 928 1044; baseline -0.003 -13"><span class='ocrx_word' id='word_1_49' title='bbox 203 988 320 1031; x_wconf 84' lang='lat' dir='ltr'>dives</span> <span class='ocrx_word' id='word_1_50' title='bbox 345 994 387 1030; x_wconf 88' lang='lat' dir='ltr'>et</span> <span class='ocrx_word' id='word_1_51' title='bbox 409 987 567 1030; x_wconf 87' lang='lat' dir='ltr'>lasciva</span> <span class='ocrx_word' id='word_1_52' title='bbox 591 993 785 1042; x_wconf 86' lang='lat' dir='ltr'>tenetque</span> <span class='ocrx_word' id='word_1_53' title='bbox 808 993 928 1044; x_wconf 87' lang='lat' dir='ltr'>grata</span> 
     </span>
     <span class='ocr_line' id='line_1_15' title="bbox 287 1050 709 1108; baseline -0.005 -14"><span class='ocrx_word' id='word_1_54' title='bbox 287 1051 488 1108; x_wconf 89' lang='lat' dir='ltr'>compede</span> <span class='ocrx_word' id='word_1_55' title='bbox 511 1050 709 1093; x_wconf 86' lang='lat' dir='ltr'>vinctum.</span> 
     </span>
    </p>
   </div>
   <div class='ocr_carea' id='block_1_7' title="bbox 202 1141 1104 1389">
    <p class='ocr_par' dir='ltr' id='par_1_11' title="bbox 202 1141 984 1186">
     <span class='ocr_line' id='line_1_16' title="bbox 202 1141 984 1186; baseline -0.004 0"><span class='ocrx_word' id='word_1_56' title='bbox 202 1149 327 1186; x_wconf 81' lang='lat' dir='ltr'>terret</span> <span class='ocrx_word' id='word_1_57' title='bbox 349 1142 568 1186; x_wconf 82' lang='lat' dir='ltr'>ambustus</span> <span class='ocrx_word' id='word_1_58' title='bbox 593 1141 814 1184; x_wconf 85' lang='lat' dir='ltr'>Phaethon</span> <span class='ocrx_word' id='word_1_59' title='bbox 837 1156 984 1183; x_wconf 84' lang='lat' dir='ltr'>avaras</span> 
     </span>
    </p>

    <p class='ocr_par' dir='ltr' id='par_1_12' title="bbox 205 1203 1104 1262">
     <span class='ocr_line' id='line_1_17' title="bbox 205 1203 1104 1262; baseline -0.002 -14"><span class='ocrx_word' id='word_1_60' title='bbox 205 1221 320 1262; x_wconf 86' lang='lat' dir='ltr'>spes,</span> <span class='ocrx_word' id='word_1_61' title='bbox 345 1212 388 1248; x_wconf 90' lang='lat' dir='ltr'>et</span> <span class='ocrx_word' id='word_1_62' title='bbox 411 1205 648 1262; x_wconf 86' lang='lat' dir='ltr'>exemplum</span> <span class='ocrx_word' id='word_1_63' title='bbox 671 1219 800 1262; x_wconf 86' lang='lat' dir='ltr'>grave</span> <span class='ocrx_word' id='word_1_64' title='bbox 822 1204 995 1261; x_wconf 82' lang='lat' dir='ltr'>praebet</span> <span class='ocrx_word' id='word_1_65' title='bbox 1019 1203 1104 1246; x_wconf 87' lang='lat' dir='ltr'>ales</span> 
     </span>
    </p>

    <p class='ocr_par' dir='ltr' id='par_1_13' title="bbox 203 1269 1053 1389">
     <span class='ocr_line' id='line_1_18' title="bbox 203 1269 1053 1327; baseline -0.004 -15"><span class='ocrx_word' id='word_1_66' title='bbox 203 1269 394 1327; x_wconf 81' lang='lat' dir='ltr'>Pegasus</span> <span class='ocrx_word' id='word_1_67' title='bbox 419 1275 627 1312; x_wconf 87' lang='lat' dir='ltr'>terrenum</span> <span class='ocrx_word' id='word_1_68' title='bbox 651 1269 831 1324; x_wconf 80' lang='lat' dir='ltr'>equitem</span> <span class='ocrx_word' id='word_1_69' title='bbox 855 1273 1053 1325; x_wconf 83' lang='lat' dir='ltr'>gravatus</span> 
     </span>
     <span class='ocr_line' id='line_1_19' title="bbox 293 1331 671 1389; baseline -0.003 -14"><span class='ocrx_word' id='word_1_70' title='bbox 293 1331 671 1389; x_wconf 84' lang='lat' dir='ltr'>Bellerophontem,</span> 
     </span>
    </p>
   </div>
   <div class='ocr_carea' id='block_1_8' title="bbox 203 1422 1090 1665">
    <p class='ocr_par' dir='ltr' id='par_1_14' title="bbox 205 1422 1090 1481">
     <span class='ocr_line' id='line_1_20' title="bbox 205 1422 1090 1481; baseline -0.003 -14"><span class='ocrx_word' id='word_1_71' title='bbox 205 1439 369 1481; x_wconf 88' lang='lat' dir='ltr'>semper</span> <span class='ocrx_word' id='word_1_72' title='bbox 390 1430 437 1466; x_wconf 87' lang='lat' dir='ltr'>ut</span> <span class='ocrx_word' id='word_1_73' title='bbox 460 1430 501 1466; x_wconf 86' lang='lat' dir='ltr'>te</span> <span class='ocrx_word' id='word_1_74' title='bbox 526 1423 654 1481; x_wconf 85' lang='lat' dir='ltr'>digna</span> <span class='ocrx_word' id='word_1_75' title='bbox 678 1438 871 1478; x_wconf 86' lang='lat' dir='ltr'>sequare,</span> <span class='ocrx_word' id='word_1_76' title='bbox 897 1429 956 1473; x_wconf 89' lang='lat' dir='ltr'>et,</span> <span class='ocrx_word' id='word_1_77' title='bbox 981 1422 1090 1464; x_wconf 82' lang='lat' dir='ltr'>ultra</span> 
     </span>
    </p>

    <p class='ocr_par' dir='ltr' id='par_1_15' title="bbox 203 1486 1002 1543">
     <span class='ocr_line' id='line_1_21' title="bbox 203 1486 1002 1543; baseline -0.004 -13"><span class='ocrx_word' id='word_1_78' title='bbox 203 1501 330 1543; x_wconf 82' lang='lat' dir='ltr'>quam</span> <span class='ocrx_word' id='word_1_79' title='bbox 351 1487 449 1530; x_wconf 83' lang='lat' dir='ltr'>licet</span> <span class='ocrx_word' id='word_1_80' title='bbox 473 1501 639 1543; x_wconf 76' lang='lat' dir='ltr'>sperare</span> <span class='ocrx_word' id='word_1_81' title='bbox 661 1486 781 1530; x_wconf 83' lang='lat' dir='ltr'>nefas</span> <span class='ocrx_word' id='word_1_82' title='bbox 804 1486 1002 1543; x_wconf 83' lang='lat' dir='ltr'>putando,</span> 
     </span>
    </p>

    <p class='ocr_par' dir='ltr' id='par_1_16' title="bbox 204 1549 999 1665">
     <span class='ocr_line' id='line_1_22' title="bbox 204 1549 999 1608; baseline -0.003 -15"><span class='ocrx_word' id='word_1_83' title='bbox 204 1550 413 1608; x_wconf 86' lang='lat' dir='ltr'>disparem</span> <span class='ocrx_word' id='word_1_84' title='bbox 435 1549 556 1595; x_wconf 84' lang='lat' dir='ltr'>vites.</span> <span class='ocrx_word' id='word_1_85' title='bbox 581 1565 660 1607; x_wconf 83' lang='lat' dir='ltr'>age</span> <span class='ocrx_word' id='word_1_86' title='bbox 683 1550 785 1600; x_wconf 84' lang='lat' dir='ltr'>iam,</span> <span class='ocrx_word' id='word_1_87' title='bbox 812 1564 999 1592; x_wconf 87' lang='lat' dir='ltr'>meorum</span> 
     </span>
     <span class='ocr_line' id='line_1_23' title="bbox 289 1613 696 1665; baseline -0.002 -9"><span class='ocrx_word' id='word_1_88' title='bbox 289 1613 384 1656; x_wconf 85' lang='lat' dir='ltr'>finis</span> <span class='ocrx_word' id='word_1_89' title='bbox 409 1628 616 1665; x_wconf 88' lang='lat' dir='ltr'>amorum,</span> <span class='ocrx_word' id='word_1_90' title='bbox 642 1639 696 1644; x_wconf 87' lang='lat'>—-</span> 
     </span>
    </p>
   </div>
   <div class='ocr_carea' id='block_1_9' title="bbox 204 1703 1058 1938">
    <p class='ocr_par' dir='ltr' id='par_1_17' title="bbox 204 1703 896 1762">
     <span class='ocr_line' id='line_1_24' title="bbox 204 1703 896 1762; baseline -0.001 -14"><span class='ocrx_word' id='word_1_91' title='bbox 204 1720 289 1748; x_wconf 89' lang='lat' dir='ltr'>non</span> <span class='ocrx_word' id='word_1_92' title='bbox 313 1705 423 1748; x_wconf 84' lang='lat' dir='ltr'>enim</span> <span class='ocrx_word' id='word_1_93' title='bbox 446 1705 622 1762; x_wconf 82' lang='lat' dir='ltr'>posthac</span> <span class='ocrx_word' id='word_1_94' title='bbox 647 1705 728 1748; x_wconf 87' lang='lat' dir='ltr'>alia</span> <span class='ocrx_word' id='word_1_95' title='bbox 752 1703 896 1748; x_wconf 89' lang='lat' dir='ltr'>calebo</span> 
     </span>
    </p>

    <p class='ocr_par' dir='ltr' id='par_1_18' title="bbox 206 1767 1058 1819">
     <span class='ocr_line' id='line_1_25' title="bbox 206 1767 1058 1819; baseline -0.002 -9"><span class='ocrx_word' id='word_1_96' title='bbox 206 1768 364 1811; x_wconf 85' lang='lat' dir='ltr'>femina</span> <span class='ocrx_word' id='word_1_97' title='bbox 386 1794 442 1800; x_wconf 90' lang='lat'>--</span> <span class='ocrx_word' id='word_1_98' title='bbox 467 1768 660 1812; x_wconf 89' lang='lat' dir='ltr'>condisce</span> <span class='ocrx_word' id='word_1_99' title='bbox 685 1768 852 1819; x_wconf 88' lang='lat' dir='ltr'>modos,</span> <span class='ocrx_word' id='word_1_100' title='bbox 879 1767 1058 1810; x_wconf 87' lang='lat' dir='ltr'>amanda</span> 
     </span>
    </p>

    <p class='ocr_par' dir='ltr' id='par_1_19' title="bbox 206 1831 1029 1938">
     <span class='ocr_line' id='line_1_26' title="bbox 206 1831 1029 1888; baseline -0.001 -14"><span class='ocrx_word' id='word_1_101' title='bbox 206 1845 308 1874; x_wconf 87' lang='lat' dir='ltr'>voce</span> <span class='ocrx_word' id='word_1_102' title='bbox 332 1846 437 1888; x_wconf 89' lang='lat' dir='ltr'>quos</span> <span class='ocrx_word' id='word_1_103' title='bbox 460 1832 610 1874; x_wconf 87' lang='lat' dir='ltr'>reddas</span> <span class='ocrx_word' id='word_1_104' title='bbox 618 1848 631 1884; x_wconf 73' lang='grc' dir='ltr'><strong>ς</strong></span> <span class='ocrx_word' id='word_1_105' title='bbox 655 1831 893 1874; x_wconf 89' lang='lat' dir='ltr'>minuentur</span> <span class='ocrx_word' id='word_1_106' title='bbox 916 1837 1029 1874; x_wconf 86' lang='lat' dir='ltr'>atrae</span> 
     </span>
     <span class='ocr_line' id='line_1_27' title="bbox 291 1895 632 1938; baseline 0 -1"><span class='ocrx_word' id='word_1_107' title='bbox 291 1895 472 1937; x_wconf 82' lang='lat' dir='ltr'>carmine</span> <span class='ocrx_word' id='word_1_108' title='bbox 496 1910 632 1938; x_wconf 89' lang='lat' dir='ltr'>curae.</span> 
     </span>
    </p>
   </div>
   <div class='ocr_carea' id='block_1_10' title="bbox 414 2046 916 2177">
    <p class='ocr_par' dir='ltr' id='par_1_20' title="bbox 414 2046 916 2177">
     <span class='ocr_line' id='line_1_28' title="bbox 466 2046 864 2087; baseline -0.008 0"><span class='ocrx_word' id='word_1_109' title='bbox 466 2047 731 2087; x_wconf 81' lang='lat' dir='ltr'><strong>OARMEN</strong></span> <span class='ocrx_word' id='word_1_110' title='bbox 759 2046 864 2085; x_wconf 90' lang='grc' dir='ltr'>ΧΠ.</span> 
     </span>
     <span class='ocr_line' id='line_1_29' title="bbox 414 2142 916 2177; baseline -0.002 -2"><span class='ocrx_word' id='word_1_111' title='bbox 414 2143 494 2176; x_wconf 87' lang='grc' dir='ltr'>ΑΙ)</span> <span class='ocrx_word' id='word_1_112' title='bbox 536 2142 916 2177; x_wconf 83' lang='lat' dir='ltr'><strong>VIRGILIUM.</strong></span> 
     </span>
    </p>
   </div>
   <div class='ocr_carea' id='block_1_11' title="bbox 151 2224 1133 2473">
    <p class='ocr_par' dir='ltr' id='par_1_21' title="bbox 154 2224 1133 2300">
     <span class='ocr_line' id='line_1_30' title="bbox 154 2224 1133 2300; baseline -0.003 -31"><span class='ocrx_word' id='word_1_113' title='bbox 154 2224 246 2269; x_wconf 86' lang='lat' dir='ltr'>Iam</span> <span class='ocrx_word' id='word_1_114' title='bbox 269 2227 378 2270; x_wconf 86' lang='lat' dir='ltr'>veris</span> <span class='ocrx_word' id='word_1_115' title='bbox 404 2227 595 2300; x_wconf 86' lang='lat' dir='ltr'>comites,</span> <span class='ocrx_word' id='word_1_116' title='bbox 621 2242 727 2282; x_wconf 86' lang='lat' dir='ltr'>quae</span> <span class='ocrx_word' id='word_1_117' title='bbox 751 2241 865 2270; x_wconf 86' lang='lat' dir='ltr'>mare</span> <span class='ocrx_word' id='word_1_118' title='bbox 889 2234 1133 2282; x_wconf 84' lang='lat' dir='ltr'>temperant,</span> 
     </span>
    </p>

    <p class='ocr_par' dir='ltr' id='par_1_22' title="bbox 151 2288 950 2345">
     <span class='ocr_line' id='line_1_31' title="bbox 151 2288 950 2345; baseline 0.001 -15"><span class='ocrx_word' id='word_1_119' title='bbox 151 2288 368 2345; x_wconf 84' lang='lat' dir='ltr'>impellunt</span> <span class='ocrx_word' id='word_1_120' title='bbox 392 2290 554 2333; x_wconf 89' lang='lat' dir='ltr'>animae</span> <span class='ocrx_word' id='word_1_121' title='bbox 578 2291 704 2332; x_wconf 83' lang='lat' dir='ltr'>lintea</span> <span class='ocrx_word' id='word_1_122' title='bbox 729 2290 950 2341; x_wconf 86' lang='lat' dir='ltr'>Thraciae;</span> 
     </span>
    </p>

    <p class='ocr_par' dir='ltr' id='par_1_23' title="bbox 154 2351 1104 2459">
     <span class='ocr_line' id='line_1_32' title="bbox 154 2351 1104 2410; baseline -0.001 -16"><span class='ocrx_word' id='word_1_123' title='bbox 154 2351 237 2394; x_wconf 78' lang='lat' dir='ltr'>iam</span> <span class='ocrx_word' id='word_1_124' title='bbox 259 2367 337 2394; x_wconf 90' lang='lat' dir='ltr'>nec</span> <span class='ocrx_word' id='word_1_125' title='bbox 359 2359 477 2408; x_wconf 76' lang='lat' dir='ltr'>prata</span> <span class='ocrx_word' id='word_1_126' title='bbox 500 2354 653 2410; x_wconf 84' lang='lat' dir='ltr'>rigent,</span> <span class='ocrx_word' id='word_1_127' title='bbox 679 2368 756 2396; x_wconf 89' lang='lat' dir='ltr'>nec</span> <span class='ocrx_word' id='word_1_128' title='bbox 780 2353 895 2395; x_wconf 80' lang='lat' dir='ltr'>fluvii</span> <span class='ocrx_word' id='word_1_129' title='bbox 920 2360 1104 2408; x_wconf 87' lang='lat' dir='ltr'>strepunt</span> 
     </span>
     <span class='ocr_line' id='line_1_33' title="bbox 239 2414 717 2473; baseline 0.004 -17"><span class='ocrx_word' id='word_1_130' title='bbox 239 2414 411 2458; x_wconf 82' lang='lat' dir='ltr'>hiberna</span> <span class='ocrx_word' id='word_1_131' title='bbox 433 2416 528 2458; x_wconf 87' lang='lat' dir='ltr'>nive</span> <span class='ocrx_word' id='word_1_132' title='bbox 552 2417 717 2473; x_wconf 84' lang='lat' dir='ltr'>turgidi.</span> 
     </span>
    </p>
   </div>
   <div class='ocr_carea' id='block_1_12' title="bbox 155 2505 1174 2752">
    <p class='ocr_par' dir='ltr' id='par_1_24' title="bbox 157 2505 1001 2564">
     <span class='ocr_line' id='line_1_34' title="bbox 157 2505 1001 2564; baseline 0.002 -17"><span class='ocrx_word' id='word_1_133' title='bbox 157 2505 299 2547; x_wconf 88' lang='lat' dir='ltr'>nidum</span> <span class='ocrx_word' id='word_1_134' title='bbox 321 2507 454 2562; x_wconf 87' lang='lat' dir='ltr'>ponit,</span> <span class='ocrx_word' id='word_1_135' title='bbox 478 2507 577 2563; x_wconf 85' lang='lat' dir='ltr'>Ityn</span> <span class='ocrx_word' id='word_1_136' title='bbox 601 2507 792 2550; x_wconf 82' lang='lat' dir='ltr'>flebiliter</span> <span class='ocrx_word' id='word_1_137' title='bbox 815 2522 1001 2564; x_wconf 85' lang='lat' dir='ltr'>gemens,</span> 
     </span>
    </p>

    <p class='ocr_par' dir='ltr' id='par_1_25' title="bbox 155 2567 907 2626">
     <span class='ocr_line' id='line_1_35' title="bbox 155 2567 907 2626; baseline 0.004 -17"><span class='ocrx_word' id='word_1_138' title='bbox 155 2567 301 2610; x_wconf 85' lang='lat' dir='ltr'>infelix</span> <span class='ocrx_word' id='word_1_139' title='bbox 325 2569 414 2611; x_wconf 82' lang='lat' dir='ltr'>avis</span> <span class='ocrx_word' id='word_1_140' title='bbox 438 2576 479 2612; x_wconf 82' lang='lat' dir='ltr'>et</span> <span class='ocrx_word' id='word_1_141' title='bbox 505 2569 733 2626; x_wconf 84' lang='lat' dir='ltr'>Cecropiae</span> <span class='ocrx_word' id='word_1_142' title='bbox 758 2571 907 2612; x_wconf 81' lang='lat' dir='ltr'>domus</span> 
     </span>
    </p>

    <p class='ocr_par' dir='ltr' id='par_1_26' title="bbox 158 2631 1174 2752">
     <span class='ocr_line' id='line_1_36' title="bbox 158 2631 1174 2689; baseline 0.002 -17"><span class='ocrx_word' id='word_1_143' title='bbox 158 2637 370 2673; x_wconf 84' lang='lat' dir='ltr'>aeternum</span> <span class='ocrx_word' id='word_1_144' title='bbox 393 2632 678 2689; x_wconf 83' lang='lat' dir='ltr'>opprobrium,</span> <span class='ocrx_word' id='word_1_145' title='bbox 703 2633 815 2687; x_wconf 86' lang='lat' dir='ltr'>quod</span> <span class='ocrx_word' id='word_1_146' title='bbox 838 2633 947 2675; x_wconf 87' lang='lat' dir='ltr'>male</span> <span class='ocrx_word' id='word_1_147' title='bbox 971 2631 1174 2674; x_wconf 82' lang='lat' dir='ltr'>barbaras</span> 
     </span>
     <span class='ocr_line' id='line_1_37' title="bbox 242 2697 815 2752; baseline 0.003 -15"><span class='ocrx_word' id='word_1_148' title='bbox 242 2709 389 2752; x_wconf 87' lang='lat' dir='ltr'>regum</span> <span class='ocrx_word' id='word_1_149' title='bbox 413 2703 477 2738; x_wconf 82' lang='lat' dir='ltr'>est</span> <span class='ocrx_word' id='word_1_150' title='bbox 500 2697 587 2738; x_wconf 81' lang='lat' dir='ltr'>ulta</span> <span class='ocrx_word' id='word_1_151' title='bbox 612 2697 815 2739; x_wconf 81' lang='lat' dir='ltr'>libidines.</span> 
     </span>
    </p>
   </div>
   <div class='ocr_carea' id='block_1_13' title="bbox 1365 434 1407 466">
    <p class='ocr_par' dir='ltr' id='par_1_27' title="bbox 1365 434 1407 466">
     <span class='ocr_line' id='line_1_38' title="bbox 1365 434 1407 466; baseline -0.024 0"><span class='ocrx_word' id='word_1_152' title='bbox 1365 434 1407 466; x_wconf 87' lang='grc'>15</span> 
     </span>
    </p>
   </div>
   <div class='ocr_carea' id='block_1_14' title="bbox 1365 778 1410 810">
    <p class='ocr_par' dir='ltr' id='par_1_28' title="bbox 1365 778 1410 810">
     <span class='ocr_line' id='line_1_39' title="bbox 1365 778 1410 810; baseline -0.022 0"><span class='ocrx_word' id='word_1_153' title='bbox 1365 778 1410 810; x_wconf 87' lang='grc'>20</span> 
     </span>
    </p>
   </div>
   <div class='ocr_carea' id='block_1_15' title="bbox 1369 1152 1412 1184">
    <p class='ocr_par' dir='ltr' id='par_1_29' title="bbox 1369 1152 1412 1184">
     <span class='ocr_line' id='line_1_40' title="bbox 1369 1152 1412 1184; baseline 0 0"><span class='ocrx_word' id='word_1_154' title='bbox 1369 1152 1412 1184; x_wconf 85' lang='grc'>25</span> 
     </span>
    </p>
   </div>
   <div class='ocr_carea' id='block_1_16' title="bbox 1371 1497 1415 1530">
    <p class='ocr_par' dir='ltr' id='par_1_30' title="bbox 1371 1497 1415 1530">
     <span class='ocr_line' id='line_1_41' title="bbox 1371 1497 1415 1530; baseline -0.023 0"><span class='ocrx_word' id='word_1_155' title='bbox 1371 1497 1415 1530; x_wconf 87' lang='grc'>30</span> 
     </span>
    </p>
   </div>
   <div class='ocr_carea' id='block_1_17' title="bbox 1373 1841 1416 1873">
    <p class='ocr_par' dir='ltr' id='par_1_31' title="bbox 1373 1841 1416 1873">
     <span class='ocr_line' id='line_1_42' title="bbox 1373 1841 1416 1873; baseline 0.023 -1"><span class='ocrx_word' id='word_1_156' title='bbox 1373 1841 1416 1873; x_wconf 83' lang='lat'>35</span> 
     </span>
    </p>
   </div>
  </div>
 </body>
</html>
