1592 2808
0 2648 51 2808 ,ᾗ

615 161 653 196 Q·
677 158 839 188 HORA‘m
860 155 1002 184 FLAccl
1439 143 1534 176 XXI

77 245 261 289 civilibus,
286 251 384 289 quae
406 239 494 276 inde
517 249 540 273 a
557 235 661 273 bello
680 234 796 270 Peru·
818 231 935 268 teriae
953 233 1031 266 tam
1051 228 1221 264 delectus
1236 237 1348 274 quam
1361 223 1537 261 tractatio

79 293 160 330 sino
177 299 297 337 ,usque
321 283 578 324 vehementius
603 279 794 317 desaevie-
819 278 858 314 in
868 277 1037 323 utrisque
1056 274 1214 310 multum
1227 283 1318 309 sane
1338 271 1540 316 discrepat,

76 337 366 382 bant,.cruente
390 330 588 379 profusus3
624 326 794 362 homines
819 325 916 361 Nam
932 320 1058 368 Epodi
1082 319 1232 356 omnino
1258 318 1410 365 quidem
1430 314 1540 363 lyrici

76 393 238 432 nequam
260 383 300 417 et
321 377 478 422 abiecti,
502 378 546 412 ut
565 373 796 409 Menodorus
822 372 909 405 sunt
925 367 1075 416 generis
1090 365 1375 419 exprimuntque
1396 373 1481 399 cum
1494 361 1542 396 ir-

79 430 157 467 sive
167 427 319 471 Menas,
339 423 480 472 passim
491 421 540 458 ad
555 429 717 455 summos
730 418 796 452 ho·
820 415 959 451 risione
974 417 1012 450 et
1024 412 1231 448 acerbitate
1253 421 1385 446 sensus
1404 410 1542 454 poetae

78 485 190 513 nores
209 471 349 517 evecti,
373 469 486 506 Italia
509 467 624 514 plena
640 462 795 510 rapinis,
822 457 1239 506 extemporummiseria
1248 453 1543 502 etperversitate

81 512 624 564 caedibus‚latroeiniis;nulla
636 509 797 556 amplius
823 509 1059 550 contractos,
1109 514 1335 551 quamquam
1371 499 1544 544 subinde,

77 565 267 610 maiestas,
298 563 406 599 nulla
428 559 593 608 dignitas
613 560 652 593 et
670 559 797 592 aucto·
823 554 891 590 sed
906 552 1027 588 rarius
1045 555 1188 595 tamen,
1209 549 1322 585 etiam
1341 547 1389 583 ad
1408 556 1546 581 meram

75 612 170 651 ritas
194 609 446 656 reipublicae3
481 604 628 652 patriae
660 601 798 638 caritas
823 599 999 635 vitiorum
1025 600 1064 633 et
1086 595 1376 642 perversitatum
1405 591 1546 627 irrisio-

76 669 158 696 non
168 656 281 693 modo
302 655 371 691 sed
390 653 501 690 etiam
515 649 697 686 sanctitas
712 647 799 683 sub·
822 657 910 681 nem
938 643 1095 691 propius
1127 641 1315 677 accedunt
1351 638 1431 674 sine
1463 648 1546 684 gra-

79 705 176 749 lata3
199 703 314 750 plena
325 703 515 747 postremo
530 695 655 732 omnia
668 693 799 730 factio·
823 690 938 727 vioris
953 690 1111 726 alicuius
1126 688 1186 723 vel
1198 683 1471 733 indignationis
1485 681 1548 719 vel

80 762 170 787 num
187 747 309 785 turbis
334 749 373 783 et
395 743 556 792 partium
582 741 734 786 studiis,
759 743 801 774 ut
826 736 967 773 doloris
989 733 1277 782 significatione.
1314 730 1460 767 Satirae
1485 739 1549 764 au-

82 794 289 833 communis
315 789 504 828 societatis
529 788 678 824 vincula
697 796 800 832 pror·
825 789 901 820 tem
919 793 997 818 non
1014 785 1092 816 tam
1112 791 1246 815 sensus
1272 789 1384 824 quam
1407 774 1550 811 iudicia

83 853 147 878 sus
161 840 288 877 soluta
297 838 557 882 violenterque
576 836 689 879 rupta
702 831 801 866 vide·
826 833 964 876 poetae
984 828 1030 863 de
1050 831 1260 872 temporum
1278 822 1379 858 vitiis
1406 825 1445 858 et
1466 832 1550 867 per-

82 891 223 925 rentur.
248 884 324 922 Sed
336 883 386 920 ad
396 883 496 918 hano
509 891 631 916 rerum
641 877 802 914 civilium
827 874 1070 911 versitatibus
1082 870 1330 918 patefaciunt,
1338 871 1552 904 versantur-

84 930 404 980 perturbationem
426 927 545 963 maior
564 925 676 962 etiam
694 923 802 959 mise·
829 933 902 968 que
914 921 954 956 in
967 919 1042 955 illis
1055 917 1419 961 leniterurbaneque
1427 913 1552 949 riden-

87 979 142 1015 ria
151 975 511 1028 accedebat2ingens
519 983 663 1008 morum
671 971 802 1016 depra-
830 968 886 1003 dis
900 973 938 1003 et
947 963 1180 1009 eavi11andis,
1189 966 1232 998 ut
1245 960 1353 1008 quasi
1366 958 1551 1006 imagines

86 1024 200 1070 vatio,
226 1033 301 1070 qua
344 1031 443 1056 usca
460 1019 714 1054 Romanorum
734 1015 803 1050 vir-
830 1013 1012 1061 quasdam
1031 1022 1160 1048 eorum
1174 1008 1395 1052 exhibeant,
1416 1005 1552 1052 quibus

84 1070 269 1116 tusplane
281 1034 480 1103 vigebam:
493 1064 659 1101 extincta
677 1073 723 1098 ac
743 1061 804 1096 de·
828 1058 1019 1095 intuendis
1039 1061 1078 1093 et
1103 1052 1405 1107 contemplandis
1425 1062 1555 1088 eorum

85 1116 164 1153 leta
177 1124 272 1152 esse.
309 1112 590 1150 Grassabantur
605 1108 702 1145 enim
714 1107 806 1142 vitia
829 1105 1022 1152 turpitudo
1044 1106 1082 1139 et
1099 1103 1327 1148 pervers1tas
1347 1107 1555 1144 eognosca-

85 1161 183 1198 inter
201 1171 242 1196 se
266 1159 423 1195 maxime
449 1155 655 1200 contraria,
686 1152 806 1206 turpis
831 1156 901 1187 tur.
943 1150 990 1186 In
1016 1160 1090 1196 quo
1114 1152 1241 1183 tamen
1261 1145 1325 1181 dili
1358 1148 1465 1180 enter
1490 1142 1556 1178 ob-

87 1206 246 1244 avaritia
264 1209 303 1241 et
325 1204 483 1251 profusa
499 1203 806 1253 intemperant1a3
833 1196 973 1234 servari
998 1199 1111 1241 atque
1142 1191 1264 1228 teneri
1295 1191 1340 1227 de
1372 1194 1426 1236 et,
1468 1199 1556 1224 nus-

87 1252 274 1300 regnabat
308 1249 555 1286 immoderata
597 1246 807 1282 divitiarum
834 1255 946 1290 quam
957 1242 997 1277 in
1008 1242 1054 1276 iis
1069 1239 1205 1292 attingi
1216 1249 1277 1274 res
1292 1237 1422 1273 civiles
1441 1238 1557 1282 atque

90 1297 276 1345 cupiditas
306 1300 344 1333 et
374 1293 627 1331 abiectissima
657 1291 807 1335 lubid03
832 1287 1102 1336 publicas,sed
1114 1295 1226 1321 unice
1237 1283 1362 1319 notari
1374 1280 1557 1328 perversi-

89 1343 354 1381 dominabatur
375 1342 506 1387 inepta
525 1338 734 1384 sapientiae
754 1336 808 1372 af·
833 1340 931 1371 tates
962 1333 1155 1369 hominum
1181 1340 1407 1366 communes.
1444 1325 1558 1370 Quod

90 1389 246 1427 fectatio
272 1392 312 1424 et
336 1397 478 1422 summa
509 1384 698 1420 stoliditas
726 1394 809 1418 cum
835 1381 986 1429 quidem
1006 1390 1120 1426 quum
1138 1376 1252 1412 facile
1271 1375 1387 1410 liceat
1403 1384 1558 1420 percen-

91 1434 357 1482 superstitione
370 1433 512 1480 pariter
526 1435 639 1477 atque
651 1434 809 1465 temera—
835 1426 962 1463 sendis
972 1422 1425 1471 singulorumEpodorum
1439 1431 1484 1455 ac
1492 1417 1558 1455 Sa-

89 1482 146 1520 ria
167 1480 359 1527 impietate
386 1478 604 1521 coniuncta3
647 1475 809 1520 denique
834 1474 988 1509 tirarum
1018 1482 1061 1506 ar
1090 1468 1252 1504 umentis
1285 1467 1558 1509 demonstrare,

88 1527 245 1575 publica
256 1525 399 1572 pariter
411 1530 526 1571 atque
539 1522 687 1569 privata
701 1520 810 1556 disci-
834 1523 978 1563 tamen,
1004 1528 1050 1552 ne
1088 1514 1223 1561 ongius
1238 1516 1421 1558 evagetur
1434 1511 1560 1556 dispu-

89 1573 196 1621 plina
211 1571 324 1608 foede
351 1573 529 1616 corrupta
548 1572 647 1613 erat,
672 1571 715 1602 ut
731 1565 811 1601 uni-
834 1565 943 1610 tatio,
956 1562 1175 1609 paucisrem
1184 1558 1458 1606 significavisse
1467 1556 1560 1592 satis

94 1629 223 1656 versae
249 1616 412 1654 civitatis
436 1615 539 1652 haud
563 1613 680 1650 dubia
703 1613 812 1648 ruina
837 1611 918 1648 erit.
953 1610 1131 1645 Praestat
1149 1606 1246 1642 enim
1269 1604 1459 1648 continuo,
1486 1613 1562 1649 qua

91 1666 234 1702 instare
246 1663 471 1700 videretur.1
515 1660 606 1703 Quis
620 1659 735 1706 igitur
747 1658 811 1693 mi-
837 1657 898 1692 via
917 1659 956 1692 et
973 1655 1118 1690 ratione
1137 1651 1320 1688 Horatius
1345 1650 1384 1685 in
1403 1649 1463 1684 his
1483 1659 1562 1684 car-

91 1715 195 1749 retur
207 1719 431 1757 generosum
449 1707 729 1743 adolescentem
740 1705 812 1750 pri·
837 1702 1000 1739 minibus
1010 1698 1218 1736 condendis
1227 1700 1397 1734 versatus
1407 1695 1466 1740 sit,
1478 1694 1563 1731 bre-

95 1757 216 1795 atinae
243 1766 444 1792 memorem
476 1751 671 1800 dignitatis
702 1755 741 1787 et
764 1751 812 1786 ab
839 1749 935 1785 viter
948 1745 1174 1790 ostendisse,
1190 1754 1264 1824 qluo
1281 1746 1382 1778 certe
1397 1741 1564 1777 futurum

93 1803 255 1840 honesto
297 1804 404 1847 patre
447 1800 496 1835 ad
535 1796 814 1844 praestantissi-
840 1795 921 1839 erit,
947 1797 990 1828 ut
1003 1793 1117 1828 etiam
1129 1791 1207 1826 inte
1226 1790 1377 1835 ligatur,
1405 1787 1469 1834 qui
1481 1790 1564 1822 tan-

95 1859 176 1884 mas
189 1857 358 1895 quasque
370 1846 526 1882 virtutes
541 1843 813 1888 adsuefactum,
841 1842 925 1877 dem
938 1839 1080 1875 factum
1095 1837 1154 1882 sit,
1174 1840 1216 1871 ut
1228 1836 1292 1870 ille
1306 1838 1475 1880 tempore
1487 1835 1566 1867 tam

97 1892 243 1931 etiamsi
258 1903 335 1928 non
352 1892 490 1927 invitus
508 1890 548 1926 in
559 1889 709 1925 Italiam
732 1889 814 1924 red·
840 1886 947 1923 brevi
966 1885 1015 1920 ad
1034 1888 1111 1920 tam
1127 1894 1250 1918 raram
1269 1892 1314 1916 ac
1335 1879 1566 1925 singularem

99 1939 213 1976 eundi
223 1938 371 1974 veniam
387 1936 675 1983 impetravisset,
695 1938 816 1970 tamen
841 1931 1034 1968 facultatis
1076 1929 1249 1975 poeticae
1292 1926 1442 1962 laudem
1482 1935 1566 1970 per-

99 1995 218 2032 usque
236 1984 380 2030 patriae
398 1982 548 2019 miseria
566 1981 732 2017 doluisse
756 1991 817 2015 ve·
842 1977 998 2014 venerit.

101 2029 377 2067 hementissime
392 2033 430 2064 et
443 2027 648 2064 acrimonia
655 2026 817 2072 quadam
887 2022 1087 2059 Enimvero
1102 2019 1283 2055 Horatius
1299 2028 1374 2064 quo
1387 2015 1567 2052 maiorem

101 2075 215 2113 animi
248 2075 432 2120 repletum
459 2074 560 2109 intus
594 2073 634 2107 in
664 2074 818 2117 pectore
844 2069 1033 2116 quandam
1063 2065 1224 2102 nominis
1252 2064 1309 2099 sui
1334 2063 1472 2098 famam
1503 2061 1568 2097 ad-

103 2132 170 2157 suo
190 2121 405 2156 acerbiores
425 2131 470 2155 ac
485 2118 670 2154 tristiores
686 2129 819 2153 sensus
844 2115 1167 2161 ipisceretur,non
1180 2110 1307 2146 tritam
1321 2109 1426 2144 illam
1436 2119 1481 2143 ac
1489 2107 1569 2142 vul-

102 2166 264 2203 aluisse‘?
285 2166 319 2203 N
322 2164 655 2200 imirumHoratius
670 2163 819 2210 quidem
846 2171 974 2208 garem
994 2158 1121 2205 poesis
1135 2156 1369 2192 factitandae
1384 2154 1482 2189 viam
1496 2152 1570 2188 sibi

102 2212 242 2249 talibus
279 2211 451 2247 sensibus
486 2210 616 2256 utique
652 2208 819 2254 indulsit,
845 2205 1131 2252 ingrediendam
1164 2214 1248 2238 esse
1280 2200 1423 2245 statuit,
1457 2210 1571 2246 quam

103 2268 199 2339 {uos
218 2257 369 2305 quidem
394 2268 527 2292 sensus
546 2266 616 2291 nec
636 2254 822 2291 dubitavit
845 2253 872 2288 ii
884 2253 964 2288 fere
979 2251 1245 2297 sequebantur,
1262 2247 1326 2294 qui
1339 2250 1468 2282 vetera
1483 2244 1571 2280 scri-

137 2303 248 2350 podis
261 2315 307 2340 ac
326 2302 458 2339 Satiris
476 2301 683 2338 scribendis
695 2301 822 2347 palam
846 2302 913 2345 pta
936 2298 1130 2334 etiamtum
1155 2293 1420 2331 anteferebant
1442 2301 1572 2326 recen-

103 2350 231 2403 faqere
242 2352 356 2403 atque
371 2352 499 2395 aperte
508 2348 713 2384 declarare.
729 2345 824 2382 Sunt
847 2344 1043 2381 tioribus.1
1083 2341 1164 2377 Imo
1177 2340 1273 2375 illud
1286 2338 1411 2385 potius
1426 2340 1572 2383 specta·

105 2407 204 2432 emm
215 2398 407 2441 utriusque
422 2394 570 2441 generis
584 2393 750 2429 earmina
762 2392 823 2427 iis-
848 2391 912 2435 vit,
933 2393 975 2425 ut
987 2388 1099 2424 Latio
1118 2398 1218 2422 nova
1237 2385 1399 2420 necdum
1417 2393 1572 2428 apopu-

106 2442 191 2477 dem
203 2441 283 2477 fere
296 2439 688 2486 scriptatemporibus,
697 2450 823 2484 quam·
849 2436 991 2472 laribus
1000 2434 1076 2470 suis
1086 2433 1178 2469 scite
1187 2434 1350 2467 tractata
1357 2429 1575 2465 ostenderet

134 2499 220 2540 uam
239 2487 370 2523 eadem
387 2486 515 2521 indole
541 2497 586 2521 ac
603 2488 739 2520 natura
758 2495 825 2519 sua
851 2482 1055 2518 carminum
1080 2490 1221 2526 genera
1241 2487 1361 2523 eaque
1380 2475 1482 2521 ipsa,
1509 2474 1574 2509 ad-

107 2545 130 2569 a
161 2536 342 2579 quantum
354 2531 540 2568 differunt.
570 2531 666 2566 Nam
677 2533 722 2565 ut
731 2529 826 2565 nihil
852 2528 948 2563 scita
972 2526 1085 2562 etiam
1111 2525 1344 2561 Graecorum
1373 2523 1573 2556 venustate

109 2579 277 2614 dicamus
290 2578 336 2613 de
350 2581 503 2613 externa
515 2577 659 2612 formae
674 2575 825 2611 diversi-
852 2578 890 2610 ct
920 2571 1128 2618 elegantia,
1161 2571 1210 2605 ad
1243 2579 1355 2615 quam
1377 2566 1575 2602 maximam

106 2628 198 2670 tate,
223 2635 320 2671 quae
333 2634 450 2669 prope
462 2623 502 2658 in
515 2623 646 2658 oculos
659 2621 826 2666 incurrit,
853 2619 942 2655 artis
962 2618 1113 2653 laudem
1127 2617 1343 2651 elaboraret
1361 2617 1474 2658 atque
1491 2622 1574 2665 per-

109 2673 369 2716 argumentum
382 2673 481 2705 certe
495 2671 826 2715 eorumatquema-
852 2665 999 2711 poliret.
1048 2663 1159 2705 Quod
1197 2660 1347 2707 quidem
1377 2657 1574 2694 consihum

109 2719 313 2763 Ἥῖεροᾱ.
326 2727 403 2754 xv1.
417 2729 446 2754 et
456 2727 521 2755 vn.
852 2711 1114 2750 mo.
1130 2723 1159 2747 et
1170 2720 1265 2752 Epist.
1277 2719 1315 2747 11.
1329 2720 1355 2751 1,
1369 2717 1499 2745 18-107.
