1500 2820
194 168 277 209 216
583 207 587 211 .
625 177 667 220 Q.
686 177 900 214 HORATII
916 176 1099 214 FLACOI
1116 171 1119 174 ¹

193 279 304 333 quod
326 280 449 335 petis,
475 280 517 321 id
541 295 638 322 sane
663 287 725 322 est
747 281 925 323 imdsum
949 281 1191 336 acidumque
1214 281 1385 325 duobus.

127 354 168 385 65
191 349 350 396 praeter
373 348 523 391 cetera,
549 356 614 383 me
637 342 846 384 Romaene
870 349 1056 398 poemata
1080 357 1222 386 censes

193 402 367 444 scribere
391 417 513 457 posse
536 403 640 444 inter
663 410 722 445 tot
745 419 862 446 curas
886 411 1026 458 totque
1049 403 1235 446 labores?

190 464 257 505 hic
281 479 476 518 sponsum
500 471 635 515 vocat,
660 465 725 507 hic
749 466 930 506 auditum
956 466 1122 520 scripta,
1146 466 1294 508 relictis

191 525 379 566 omnibus
405 525 569 576 officiis3
595 526 716 568 cubat
738 527 804 568 hic
827 527 870 567 in
894 527 995 568 colle
1021 527 1193 580 Quirini,

189 586 256 627 hic
280 593 459 628 extremo
483 587 526 628 in
548 587 773 638 Aventino,
799 589 993 630 visendus
1018 595 1205 642 uterque3

125 661 166 692 70
189 648 400 690 intervalla
424 649 538 690 vides
563 649 739 691 humane
764 650 989 692 commoda.
1015 674 1069 680 -—
1093 664 1234 691 verum

187 725 314 766 purae
339 717 432 752 sunt
455 711 631 766 plateae,
657 711 757 752 nihil
781 718 825 752 ut
848 711 1138 754 meditantibus
1162 711 1306 754 obstet.
1332 737 1386 743 —

188 772 355 814 festinat
379 772 534 814 calidus
558 773 679 814 mulis
704 773 937 828 gerulisque
961 774 1174 823 redemtor,

189 840 349 887 torquet
372 849 480 875 nunc
503 835 680 889 lapidem
704 849 812 876 nunc
835 835 980 890 ingens
1004 835 1192 877 machina
1214 836 1385 892 tignum,

188 895 318 937 tristia
339 895 517 937 robustis
541 896 745 938 luctantur
768 896 913 938 funera
934 897 1140 952 plaustris,

123 972 164 1002 75
187 957 265 999 hac
287 957 450 999 rabiosa
472 957 578 1014 fugit
602 959 733 1008 canis,
757 959 835 1000 hac
857 959 1055 1000 lutulenta
1077 959 1157 1000 ruit
1181 974 1269 1001 sus:

187 1020 202 1061 i
225 1034 351 1070 nunc,
378 1026 417 1061 et
440 1035 583 1062 versus
609 1027 742 1062 tecum
767 1021 962 1062 meditare
987 1021 1175 1063 eanorosl

189 1082 430 1137 scriptorum
454 1082 600 1124 chorus
625 1083 756 1124 omnis
781 1089 890 1124 amat
912 1097 1056 1125 nemus
1081 1089 1122 1124 et
1144 1083 1251 1139 fugit
1273 1082 1407 1133 urbes,

187 1143 262 1184 rite
286 1143 411 1185 cliens
436 1143 608 1194 Bacchi,
635 1159 777 1186 somno
800 1144 1016 1200 gaudentis
1041 1150 1081 1186 et
1102 1144 1265 1186 umbra:

188 1212 233 1246 tu
257 1220 322 1247 me
345 1206 449 1247 inter
474 1207 664 1262 strepitus
688 1213 907 1250 nocturnos
932 1214 1053 1261 atque
1077 1208 1242 1250 diurnos

120 1281 164 1312 80
187 1268 251 1309 vis
276 1283 419 1310 canere
444 1275 484 1310 et
507 1275 693 1310 contacta
717 1270 832 1323 sequi
855 1269 1029 1325 vestigia
1052 1270 1217 1311 vatum?

186 1329 414 1385 ingenium,
441 1329 519 1372 sibi
542 1331 651 1385 quod
674 1345 824 1372 vacuas
848 1331 1047 1373 desumsit
1069 1331 1256 1372 Athenas

187 1398 228 1433 et
252 1392 397 1433 studiis
423 1407 552 1434 annos
578 1398 735 1447 septem
759 1392 869 1434 dedit
892 1392 1149 1447 insenuitque

187 1452 302 1495 libris
327 1460 367 1494 et
391 1453 516 1504 curis,
543 1460 676 1495 statua
699 1454 936 1496 taciturnius
962 1454 1045 1496 exit

188 1515 427 1570 plerumque
451 1522 491 1557 et
512 1516 597 1557 risu
620 1516 816 1571 populum
840 1516 986 1570 quatit3
1010 1516 1076 1557 hic
1100 1530 1177 1571 ego
1200 1530 1337 1557 rerum

119 1589 162 1620 85
186 1576 376 1618 fluctibus
401 1577 444 1618 in
467 1577 611 1618 mediis
636 1583 676 1618 et
700 1577 1006 1632 tempestatibus
1031 1577 1142 1618 urbis

186 1638 312 1680 verba
333 1638 444 1694 lyrae
468 1645 627 1680 motura
650 1653 796 1680 sonum
820 1645 1056 1681 connectere
1081 1638 1248 1694 digner?

188 1700 314 1742 frater
338 1707 423 1742 erat
445 1700 603 1742 Romae
627 1700 801 1742 consulti
823 1700 976 1751 rhetor,
1001 1706 1047 1742 ut
1070 1700 1172 1742 alter

189 1762 352 1804 alterius
379 1777 564 1804 sermone
588 1777 720 1804 meros
746 1762 903 1804 audiret
926 1762 1113 1812 honores,

191 1822 403 1866 Gracchus
428 1831 474 1866 ut
497 1824 563 1866 hic
586 1824 662 1875 illi,
687 1825 792 1866 foret
815 1824 909 1866 huic
933 1831 978 1866 ut
999 1824 1165 1866 Mucius
1189 1824 1268 1865 ille.

123 1899 164 1930 90
188 1887 259 1941 qui
281 1887 415 1928 minus
441 1893 606 1943 argutos
631 1893 752 1928 vexat
775 1886 888 1928 furor
910 1887 986 1928 iste
1009 1886 1176 1942 poetas?

187 1948 367 1990 carmina
391 1963 607 2004 compono,
633 1949 699 1990 hic
723 1949 872 2005 elegos.
907 1948 1114 2001 „mirabile
1138 1948 1230 1989 visu

187 2011 467 2065 caelatumque
490 2026 637 2052 novem
661 2010 796 2053 Musis
821 2010 975 2066 opusl“
1002 2010 1166 2066 adspice
1189 2010 1377 2065 primum,

186 2079 338 2126 quanto
363 2087 455 2114 cum
479 2072 607 2122 fastu,
633 2080 784 2126 quanto
808 2072 1014 2114 molimine
1038 2072 1210 2114 circum-

189 2141 418 2190 spectemus
442 2149 614 2176 vacuam
638 2135 834 2176 Romanis
860 2134 1020 2176 vatibus
1045 2134 1188 2176 aedem
1195 2149 1207 2183 3

120 2211 162 2242 95
186 2212 283 2238 mox
307 2198 447 2247 etiam,
474 2197 509 2238 si
532 2197 635 2239 forte
659 2211 800 2246 vacas,
827 2211 996 2250 sequere
1020 2202 1061 2237 et
1082 2195 1223 2251 procul
1247 2194 1354 2244 audi,

187 2259 286 2314 quid
308 2259 412 2301 ferat
435 2266 475 2301 et
498 2273 622 2313 quare
647 2258 725 2300 sibi
747 2265 882 2300 nectat
904 2264 1074 2312 uterque
1098 2271 1300 2299 coronam.

187 2322 395 2363 caedimur
418 2328 458 2363 et
481 2321 649 2362 totidem
671 2320 804 2376 plagis
830 2320 1107 2362 consumimus
1131 2319 1291 2361 hostem

186 2383 295 2425 lento
323 2382 528 2426 Samnites
553 2383 606 2424 ad
628 2383 783 2423 lumina
806 2383 937 2437 prima
959 2381 1108 2423 duello.

188 2446 352 2487 discedo
377 2444 556 2487 Alcaeus
580 2451 732 2499 puncto
755 2444 882 2494 illius3
907 2444 974 2484 ille
998 2458 1089 2484 meo
1113 2442 1230 2496 quis?

101 2519 164 2551 100
188 2507 278 2561 quis
302 2507 381 2549 nisi
406 2506 706 2548 Callimachus?
730 2506 765 2548 si
787 2506 878 2560 plus
903 2506 1122 2560 adposcere
1145 2504 1271 2554 visus,

187 2569 233 2610 fit
255 2568 545 2618 Mimnermus,
571 2574 610 2609 et
634 2568 770 2623 optivo
795 2567 1035 2623 cognomine
1060 2565 1215 2608 crescit.

189 2631 316 2672 multa
338 2630 443 2680 fero,
468 2635 513 2670 ut
535 2630 693 2685 placem
717 2644 845 2685 genus
870 2628 1061 2670 irritabile
1085 2634 1236 2678 vatum,
