1500 2820
147 311 187 343 75

140 1421 181 1452 10

141 1730 180 1761 15

137 2040 179 2071 20

136 2347 178 2378 25

215 187 298 230 200
638 198 680 240 Q.
700 196 915 235 HORATII
931 199 1115 238 FLACOI

209 298 423 355 indignum
447 300 596 356 coges?
619 326 672 331 —
697 301 872 343 adimam
895 302 1015 345 bona.
1035 329 1090 334 —
1112 319 1258 361 nempe
1280 320 1418 363 pecus,
1442 323 1500 350 rer

209 360 353 411 lectos,
379 368 610 417 argentum:
636 363 753 405 tollas
776 363 887 405 licet!
913 390 966 395 ——
990 365 1032 406 in
1055 366 1224 408 manicis
1249 374 1288 409 et

210 422 473 478 compedibus
499 438 621 466 saevo
644 430 684 466 te
708 423 784 467 sub
809 426 976 467 custode
1001 427 1159 469 tenebo.
1185 453 1239 458 —-

208 483 296 538 ipse
321 484 439 534 deus,
466 485 585 526 simul
610 491 730 539 atque
754 486 906 536 volam,
931 502 996 528 me
1021 488 1163 530 solvet.
1188 514 1242 520 ——·
1266 490 1419 545 opinor,

208 543 286 587 hoc
309 546 447 587 sentit:
472 547 637 598 moriar3
661 562 770 589 mors
794 548 936 590 ultima
958 549 1064 591 linea
1086 565 1221 592 rerum
1245 558 1318 593 est.

633 678 952 719 EPISTOLA
981 681 1121 720 XVII.

675 774 747 804 AD
788 774 1076 806 SCAEVAM.

208 852 425 906 Quamvis,
453 853 628 905 Scaeva,
656 856 754 897 satis
777 870 850 911 per
873 862 912 898 te
936 856 1009 898 tibi
1033 858 1229 908 consulis,
1256 864 1296 901 et
1319 859 1411 910 scis,

206 929 286 969 quo
311 916 474 957 tandem
497 923 616 972 pacto
641 917 783 959 deceat
806 918 1026 962 maioribus
1049 920 1126 970 uti;

205 977 316 1018 disce
342 978 548 1020 docendus
573 978 706 1020 adhuc
730 994 835 1033 quae
859 987 998 1022 censet
1021 981 1236 1032 amiculus,
1261 988 1307 1024 ut
1330 983 1365 1024 si

205 1052 350 1080 caecus
374 1040 450 1081 iter
472 1047 696 1082 monstrare
721 1041 817 1082 velit
825 1057 835 1091 ;
861 1048 997 1082 tamen
1020 1042 1184 1098 adspice
1209 1043 1243 1084 si
1267 1043 1365 1098 quid

206 1106 246 1141 et
267 1115 361 1151 nos,
387 1102 497 1155 quod
520 1116 636 1144 cures
660 1103 868 1158 proprium
893 1103 1059 1154 fecisse,
1084 1104 1308 1158 loquamur.

205 1162 240 1203 si
263 1168 302 1203 te
325 1170 441 1218 grata
464 1164 580 1217 quies
605 1170 644 1205 et
667 1164 839 1219 primam
864 1180 1029 1207 somnus
1054 1166 1096 1206 in
1119 1166 1259 1208 horam

204 1223 393 1274 delectat,
421 1225 455 1266 si
479 1231 517 1266 te
541 1225 674 1280 pulvis
701 1226 971 1280 strepitusque
995 1233 1185 1278 rotarum,

205 1285 239 1326 si
262 1285 395 1327 laedet
419 1301 620 1341 caupona,
645 1287 908 1329 Ferentinum
931 1288 989 1329 ire
1012 1287 1174 1330 iubebo.

203 1361 298 1388 nam
321 1361 452 1401 neque
476 1348 668 1390 divitibus
694 1349 933 1404 contingunt
956 1350 1106 1405 gaudia
1129 1350 1238 1400 solis,

202 1423 279 1450 nec
301 1409 404 1450 vixit
426 1410 549 1460 male,
575 1410 645 1464 qui
667 1418 786 1452 natus
811 1412 1069 1466 moriensque
1093 1412 1250 1454 fefellit.

205 1470 240 1512 si
262 1471 455 1526 prodesse
479 1472 558 1513 tuis
581 1472 798 1527 paulloque
823 1472 1039 1528 benignius
1064 1473 1201 1528 ipsum

204 1538 243 1574 te
267 1539 438 1575 tractare
462 1533 593 1584 voles,
619 1535 788 1576 accedes
814 1534 944 1576 siccus
969 1535 1192 1576 inunctum.

206 1594 267 1646 „si
289 1596 504 1650 pranderet
528 1596 616 1638 olus
640 1597 855 1651 patienter,
881 1597 1046 1653 regibus
1070 1597 1130 1638 uti

204 1657 329 1698 nollet
351 1656 627 1713 Aristippus.“
653 1683 707 1688 -—
734 1659 794 1709 „si
819 1659 939 1700 sciret
961 1659 1127 1714 regibus
1152 1660 1223 1710 uti,

204 1718 403 1760 fastidiret
427 1719 515 1761 olus
540 1720 610 1773 qui
632 1734 697 1761 me
722 1723 873 1762 notat.“
899 1746 952 1751 ——
976 1721 1105 1763 utrius
1129 1721 1274 1763 horum

203 1779 328 1822 verba
350 1780 499 1836 probes
524 1788 563 1822 et
586 1781 712 1831 facta,
739 1783 839 1824 doce
847 1798 857 1833 3
882 1782 947 1823 vel
970 1783 1103 1825 iunior
1125 1783 1233 1833 audi,

204 1856 275 1884 cur
299 1843 350 1883 sit
373 1842 575 1898 Aristippi
597 1844 730 1898 potior
753 1845 963 1886 sententia.
993 1859 1169 1899 namque

202 1904 434 1945 mordacem
458 1905 646 1959 cynicum
671 1905 729 1946 sic
753 1905 959 1956 eludebat,
984 1912 1030 1947 ut
1053 1907 1183 1947 aiunt:

204 1979 363 2007 scurror
386 1980 463 2021 ego
486 1966 574 2020 ipse
597 1966 714 2017 mihi3
738 1967 890 2022 populo
914 1974 976 2009 tu:
1000 1968 1150 2010 rectius
1174 1968 1252 2010 hoc
1276 1973 1315 2009 et

204 2027 453 2082 splendidius
478 2027 604 2069 multo
629 2039 707 2069 est:
733 2043 861 2083 equus
886 2035 930 2070 ut
953 2044 1017 2070 me
1041 2035 1190 2084 portet,
1216 2029 1296 2070 alat
1319 2043 1403 2078 rex,

203 2088 385 2130 officium
408 2088 531 2130 facio:
558 2095 602 2130 tu
624 2090 760 2144 poscis
785 2090 880 2131 vilia
902 2105 1050 2141 rerum,

203 2149 324 2191 dante
348 2150 495 2200 minor,
521 2151 707 2204 quamvis
731 2151 814 2192 fers
839 2158 878 2192 te
901 2152 1051 2194 nullius
1076 2158 1275 2208 egentem.

203 2211 334 2253 omnis
357 2210 615 2267 Aristippum
638 2212 774 2254 decuit
798 2212 907 2254 color
930 2220 970 2255 et
994 2220 1122 2255 status
1147 2219 1187 2254 et
1208 2228 1286 2264 res,

202 2278 423 2314 tentantem
447 2273 617 2323 maiora,
642 2273 726 2315 fere
750 2275 1030 2329 praesentibus
1055 2289 1243 2330 aequum-

203 2341 358 2385 contra,
384 2349 505 2390 quem
529 2335 679 2391 duplici
702 2350 837 2391 pauno
860 2337 1054 2392 patientia
1077 2337 1196 2387 velat,

201 2397 379 2439 mirabor
401 2397 506 2439 vitae
530 2398 597 2439 via
621 2398 655 2439 si
679 2412 875 2440 conversa
898 2399 1068 2441 decebit.

201 2459 302 2501 alter
324 2473 572 2514 purpureum
595 2474 676 2502 non
700 2460 951 2515 exspectabit
974 2461 1179 2511 amictum,

202 2520 398 2574 quidlibet
420 2520 585 2562 indutus
610 2521 870 2563 celeberrima
891 2536 965 2577 per
986 2521 1076 2564 loca
1098 2522 1220 2563 vadet

200 2595 497 2637 personamque
519 2582 622 2624 feret
645 2598 726 2625 non
749 2583 1012 2633 inconcinnus
1036 2590 1266 2637 utramque3

137 2656 179 2689 30
202 2643 302 2685 alter
324 2643 459 2685 Mileti
481 2650 634 2687 textam
658 2659 757 2687 cane
779 2645 894 2701 peius
920 2652 960 2687 et
983 2645 1106 2701 angui
