1592 2808
512 191 551 227 Q.
575 187 736 219 nomm
757 184 898 216 rLAcm
1347 167 1452 204 ΜΠ·

27 287 31 291 ’
138 273 198 308 est
206 273 367 316 tempus,
377 278 452 316 quo
466 265 615 320 singula
627 275 708 300 car·
731 265 844 309 atque
862 258 1016 307 proprio
1033 256 1152 294 utitur
1168 254 1330 302 prologo
1346 250 1451 334 pari⁴

21 319 96 357 lina
106 317 167 354 vel
178 317 335 363 eclogae
349 325 517 351 seorsum
533 324 574 348 1n
585 312 708 347 lucem
731 313 790 345 ter
802 311 915 354 atque
929 305 1094 352 epilogo.
1115 302 1172 337 Ex
1185 311 1260 348 quo
1275 311 1342 346 pro
1363 302 1454 334 ecto

27 365 214 409 redierunt
247 364 313 398 aut
349 371 432 396 cum
464 358 592 396 amicis
623 359 710 392 sunt
732 353 997 391 verisimillime
1042 348 1249 394 colligitur,
1297 349 1447 391 poetam

18 409 278 454 omunieata,
298 407 347 443 ab
362 418 406 442 eo
420 410 606 452 tempore,
632 412 708 450 quo
732 400 890 454 primum
904 399 978 433 duo
992 396 1110 432 libros
1122 394 1266 441 priores
1281 402 1449 427 seorsum

137 455 176 491 in
188 465 302 490 unum
321 463 457 499 corpus
477 451 637 487 collecta
656 451 709 483 at·
733 458 772 482 111
785 446 907 481 lucem
921 443 1097 480 edidisse.
1130 440 1258 487 Atque
1271 438 1346 473 hoc
1360 446 1450 471 sane

12 501 168 540 ‘1118qu
197 503 259 536 ata
272 503 371 535 sunt.
390 497 536 543 Quippe
546 493 711 531 dubitari
734 495 841 528 tanto
885 487 1123 525 verisimilius
1165 486 1220 521 ita
1263 483 1450 527 statuitur,

27 512 220 590 menufio
238 546 351 581 modo
371 546 515 590 potest,
539 540 710 588 primitus
737 537 915 585 quoniam
951 534 1084 570 tertius
1121 533 1218 568 liber
1253 534 1330 565 tam
1361 527 1451 564 artis

10 597 150 638 mogum
178 591 329 638 singula
359 588 523 626 carmina
553 585 711 633 singulis
737 583 883 619 ratione
942 593 1029 617 uam
1059 581 1366 626 argumentorum
1391 574 1453 609 de-

70 640 74 641 ’
101 637 344 674 rtunitatibus
364 635 502 672 oblatis
516 632 712 679 scripsisse
738 631 840 665 lectu
865 640 888 664 a
937 627 1060 663 uobus
1084 624 1273 672 prioribus
1298 621 1454 656 multum

100 687 214 732 taque
229 695 313 719 cum
330 681 459 718 amicis
477 684 590 726 atque
609 677 714 714 fami·
741 674 889 711 differre
914 672 1075 709 iudicari
1094 671 1220 707 debet.
1257 669 1337 703 Iam
1361 677 1452 702 vero

54 772 58 774 ,
111 728 624 772 uscommunicavisse,usque
633 724 716 758 dum
742 732 839 769 quae
873 719 949 755 illis
980 716 1347 764 comprehenduntur
1377 723 1456 747 car-

11 786 134 816 -tamno
149 785 308 821 corpore
323 773 521 810 coniuncta
534 771 573 806 in
580 770 715 816 vulgus
740 767 852 812 mina,
868 777 997 802 eorum
1012 768 1112 800 certe
1126 762 1270 798 nullum
1284 764 1342 795 est
1356 757 1456 805 quod

16 821 269 858 mitterentur.
313 819 512 862 Quaeritur
524 821 650 852 tamen
670 815 716 850 de
771 819 830 849 ost
843 823 981 848 annum
989 811 1067 846 730.
1083 809 1262 855 scriptum
1276 816 1359 842 esse
1373 814 1459 851 pro·

22 866 288 904 ffitionisistius
295 866 551 911 ratione,quae
558 873 620 898 res
629 872 718 897 sane
741 826 934 896 {abilibus
948 857 1177 903 argumentis
1192 852 1311 890 evinci
1327 854 1459 898 queat3

15 915 139 950 *iulias
174 913 292 948 habet
331 910 598 947 dubitationes.
643 906 720 943 Alii
744 906 817 941 imo
839 902 1088 940 demonstrari
1107 901 1220 937 etiam
1240 898 1330 934 satis
1356 900 1458 932 certo

15 959 102 996 mim
120 963 272 1006 poetam
297 959 360 1002 bis,
385 956 449 992 alii
468 962 519 991 ter
537 954 720 991 eiusmodi
744 955 888 1006 potest,
911 949 1037 985 omnia
1055 951 1144 983 ante
1164 959 1196 982 a.
1211 945 1289 981 730.
1307 943 1367 980 vel
1387 943 1461 978 hoc

15 1004 267 1042 -ollectionem
297 1002 502 1039 instituisse
535 1000 719 1036 arbitran-
745 1009 829 1044 ipso
843 1007 942 1032 anno
959 1007 1039 1031 com
1070 993 1167 1029 osita
1180 1003 1280 1036 esse,
1306 990 1345 1025 id
1359 988 1460 1036 quod

19 1062 76 1088 aar.
126 1050 272 1097 Quippe
288 1049 440 1085 fuerunt
451 1047 630 1095 primum,
657 1046 721 1092 qui
746 1055 866 1090 nuper
890 1054 913 1078 a
936 1043 1038 1078 Fran
1066 1040 1122 1086 io,
1155 1038 1340 1082 Webero,
1377 1034 1462 1070 aliis

24 1100 273 1144 amputarent
285 1095 334 1131 ab
347 1094 453 1130 initio
468 1094 563 1129 duos
576 1096 721 1128 tantum
747 1091 801 1125 ita
818 1089 959 1124 factum
979 1098 1061 1123 esse
1082 1095 1295 1128 censemus,
1315 1086 1357 1117 ut
1377 1092 1462 1116 con—

27 1143 152 1178 ·riores
182 1142 300 1178 libros
333 1151 499 1176 seorsum
529 1139 568 1174 in
600 1139 721 1173 lucem
747 1135 940 1171 troversiis
961 1134 1074 1169 etiam
1095 1133 1141 1166 de
1157 1130 1277 1166 Carm.
1292 1129 1320 1163 l.
1339 1127 1395 1162 20.
1415 1127 1464 1162 Π.

33 1189 193 1234 misisse,
217 1191 295 1223 tum
315 1187 441 1233 aliquo
455 1185 654 1220 intervallo
670 1184 722 1219 in-
750 1182 803 1217 13.
816 1182 864 1216 Π.
880 1181 934 1215 17.
953 1180 1021 1215 ΙΙΙ.
1034 1180 1066 1214 8.
1085 1177 1238 1214 remotis
1252 1174 1344 1210 nihil
1360 1173 1464 1208 dubi-

20 1235 167 1271 ·eriecto
187 1233 379 1270 addidisse
400 1232 535 1267 librum
553 1231 723 1274 tertium;
750 1227 904 1263 tationis
918 1226 1089 1262 relictum
1104 1225 1161 1258 sit.
1183 1222 1307 1258 Unum
1321 1224 1464 1255 tantum

9 1280 174 1328 vlenique
193 1279 243 1315 ali
271 1283 386 1314 uanto
406 1282 495 1324 post
512 1277 587 1311 illis
613 1276 724 1311 etiam
750 1277 879 1317 restat,
891 1272 993 1319 quod
1002 1270 1090 1306 huic
1099 1268 1306 1305 sententiae
1317 1266 1465 1301 officere

26 1332 187 1373 [nattum
228 1337 251 1361 a
277 1325 423 1361 iecisse.
482 1322 559 1358 Alii
594 1326 726 1358 contra
751 1320 940 1363 videatur,
972 1315 1092 1352 Carm.
1111 1316 1140 1350 1.
1165 1314 1216 1359 3.‚
1242 1312 1403 1358 Virgilio
1428 1311 1467 1346 in

19 1385 49 1408 ‘n
79 1383 125 1408 ea
156 1371 310 1407 fuerunt
340 1369 542 1415 sententia,
578 1372 620 1404 ut
649 1372 725 1403 tres
754 1363 1175 1409 Graeciamprofecturo
1188 1359 1352 1394 missum.
1374 1357 1468 1392 Eum

26 1419 130 1454 ibros
148 1417 291 1464 priores
309 1427 384 1451 uno
405 1416 611 1461 eodemque
636 1418 725 1449 tem·
751 1423 839 1447 vero
867 1414 1016 1446 constat
1035 1420 1067 1443 a.
1088 1406 1165 1443 735.
1185 1406 1355 1441 Athenas
1382 1414 1468 1449 pro-

12 1475 105 1500 σοι-θ
117 1463 270 1499 iunctim
283 1462 405 1498 editos
420 1472 504 1497 esse
517 1464 724 1504 censerent,
753 1458 892 1494 fectum
918 1460 956 1491 et
980 1466 1064 1490 mox
1088 1457 1330 1500 praematura
1351 1454 1468 1485 morte

23 1509 152 1556 quibus
171 1509 334 1555 denique
353 1512 442 1554 post
460 1507 610 1553 longius
635 1511 725 1541 tem·
753 1505 950 1549 abreptum
970 1511 1064 1537 esse.
1101 1499 1156 1534 Ex
1177 1509 1251 1544 quo
1272 1496 1468 1542 colligunt,

21 1555 147 1601 coriss
177 1555 290 1590 atium
303 1553 726 1598 accesseritliberquar-
752 1550 918 1596 priorum
948 1547 1127 1582 librorum
1160 1544 1363 1580 editionem
1395 1553 1470 1577 non

25 1604 109 1637 ’,ΜΛ
184 1613 203 1636 e
219 1611 294 1647 qua
308 1599 576 1635 sententiarum
592 1598 727 1633 disere·
753 1595 922 1642 potuisse
950 1598 1063 1628 antea
1087 1590 1230 1637 perfici.
1279 1589 1330 1623 At
1356 1588 1470 1623 enim-

25 1645 523 1692 oantiasinostrumrequiris
537 1644 727 1688 iudicium,
754 1653 842 1677 vero
896 1639 999 1674 uidni
1017 1637 1200 1684 Virgilius
1226 1636 1298 1671 iam
1325 1640 1412 1670 ante
1439 1645 1472 1669 a.

24 1703 95 1728 rem
130 1693 260 1738 paucis
292 1691 542 1727 declaravisse
574 1690 728 1725 iuvabit.
755 1687 832 1723 735.
852 1698 874 1722 a
890 1685 1056 1732 iquando
1076 1684 1114 1718 id
1135 1681 1281 1718 consilii
1306 1681 1474 1727 agitave-

25 1738 203 1775 Videntur
238 1738 335 1774 enim
370 1737 481 1772 nobis
512 1736 729 1782 neutiquam
755 1732 1052 1779 rit,utAthenas
1066 1727 1268 1764 inviseret?
1295 1727 1473 1762 Nimirum

23 1789 156 1820 temere
171 1783 359 1829 statuisse,
374 1783 438 1835 qui
452 1783 499 1818 ab
513 1782 619 1817 initio
635 1782 730 1816 duos
757 1783 815 1815 est
846 1780 918 1814 hoc
956 1788 1045 1812 sane
1084 1780 1191 1810 tanto
1223 1773 1474 1816 verisimilius,

23 1834 163 1865 tantum
190 1830 308 1865 libros
338 1837 481 1875 priores
507 1827 732 1863 coniunctim
759 1825 860 1872 quod
868 1828 1018 1870 poetam
1028 1820 1476 1858 Graecarumlitterarum

0 1875 219 1928 {evulgatos
244 1885 327 1910 esse
353 1877 589 1910 censuerunt.
636 1874 732 1909 Nam
759 1870 1052 1906 amantissimum
1082 1868 1168 1914 plus
1202 1865 1317 1901 semel
1353 1863 1478 1910 potuit

0 1926 4 1959 1·
24 1931 179 1966 primum
247 1920 372 1956 uidem
411 1920 508 1955 liber
547 1919 733 1954 secundus
760 1917 846 1952 talis
882 1914 1028 1950 itineris
1072 1911 1300 1958 suscipiendi
1340 1920 1475 1955 capere

0 1982 1 1992 ¹
26 1966 214 2012 epilogum
265 1967 370 2011 abet,
403 1977 476 2012 quo
503 1969 620 2011 poeta
642 1968 734 1999 tam-
762 1961 1005 2005 desiderium,
1032 1960 1209 2005 quodque
1223 1957 1423 2000 Horatius,
1447 1955 1479 1989 si

28 2022 139 2064 quam
158 2012 335 2064 ‘perfecto
368 2022 481 2056 opere
511 2010 736 2046 vaticinatur
762 2008 877 2043 fatale
902 2006 995 2041 illud
1019 2005 1090 2040 iter
1121 2003 1338 2047 cecinisset,
1378 2005 1478 2036 certe

27 2068 188 2092 nominis
210 2057 266 2091 sui
285 2057 610 2092 immortalitatem.
657 2055 736 2090 Pri·
763 2065 847 2089 mox
866 2052 978 2089 etiam
1004 2051 1146 2086 obitum
1171 2049 1281 2084 amici
1307 2048 1478 2093 deplora-

27 2113 107 2138 mus
132 2107 255 2138 autem
280 2102 374 2138 liber
397 2103 515 2138 habet
533 2101 736 2137 dedicatio·
764 2105 868 2135 turus
888 2102 979 2134 erat.
1027 2097 1160 2143 ltaque
1181 2107 1250 2130 nos
1272 2094 1423 2140 quidem
1442 2093 1481 2127 in

27 2159 112 2202 nem
138 2148 287 2184 collecti
313 2148 436 2201 operis
456 2148 667 2183 Maecenati
686 2147 739 2181 in·
765 2157 810 2182 ea
834 2157 960 2180 sumus
981 2142 1184 2187 sententia,
1211 2145 1269 2186 ut,
1296 2152 1408 2187 quum
1428 2139 1481 2173 in-

29 2199 215 2241 scriptam.
264 2195 362 2236 Qum
381 2201 491 2229 enam
514 2194 646 2229 tertius
672 2203 739 2227 suo
767 2196 869 2228 certa
888 2191 936 2225 sit
953 2190 1063 2225 huius
1090 2187 1263 2223 carminis
1291 2185 1480 2221 scribendi

767 2236 1040 2284 opportunitas,
1050 2234 1199 2269 Horatii
1214 2232 1377 2268 carmina
1392 2232 1482 2265 duo—

27 2275 739 2342 E‘fisffiudssia.‘²1·.iii·.·⁷i31metgz¹513:3210?
767 2285 838 2320 bus
864 2283 970 2318 libris
995 2281 1183 2327 prioribus
1211 2278 1482 2324 comprehensa

29 2344 122 2373 Garm-
136 2346 159 2372 1.
174 2346 215 2371 30.
230 2354 256 2372 a.
271 2347 329 2371 721.
344 2346 447 2378 scripta
461 2352 538 2376 esse,
559 2352 629 2377 quae
644 2345 740 2376 opinio
767 2343 799 2366 a.
820 2329 896 2364 730.
922 2328 983 2363 vel
1004 2328 1080 2362 73]..
1108 2337 1276 2362 Seorsum
1304 2325 1482 2369 evulgata

29 2383 111 2414 Q
136 2381 174 2406 sit
197 2380 351 2411 instabilis,
377 2381 423 2405 vel
449 2387 485 2405 ex
509 2387 542 2405 eo
562 2379 739 2410 intelligitur,
767 2387 850 2412 esse
866 2373 1135 2418 existimennlss’
1188 2372 1300 2417 uippe
1322 2370 1381 2405 cuj
1403 2380 1482 2403 Sen-

29 2413 492 2513 ffirlfflaeffiffssrffmsstffie
500 2413 741 2474 ‘J‘gssff‘essifflfflg‘g
767 2421 907 2458 tentiae
927 2423 965 2454 et
983 2419 1156 2464 epilogus
1192 2418 1262 2452 ibri
1278 2415 1432 2452 secundi
1447 2417 1485 2450 et

115 2501 124 2509 .
142 2483 165 2509 1.
181 2485 206 2508 5.
222 2485 375 2509 1⁷.22.23.
402 2484 494 2509 11.1s.
520 2482 740 2508 111.11.22.23.
768 2467 885 2502 maior
914 2465 1000 2500 libri
1031 2464 1131 2500 tertii
1190 2462 1345 2498 erfeetio
1371 2461 1484 2496 fidem

31 2515 139 2553 *²⁸-
163 2518 281 2544 ¹ud¹wi
306 2520 431 2550 oportet,
463 2525 534 2559 quae
547 2517 683 2543 Weberus
708 2516 743 2541 ad
768 2514 917 2549 faciat.1
952 2511 1033 2546 Iam
1053 2521 1140 2545 vero
1183 2520 1250 2544 aec
1265 2508 1295 2542 si
1308 2506 1484 2553 probabi-

48 2564 54 2590 ἰ
67 2564 79 2573 -ι
99 2553 169 2579 722.
182 2553 330 2578 reserenda
343 2555 448 2583 censet,
469 2555 592 2584 itemque
605 2552 639 2576 de
648 2551 742 2576 Carm.
794 2570 808 2573 -
971 2567 975 2569 -

42 2584 148 2627 314.
164 2588 204 2613 15.
219 2588 262 2613 32.
287 2587 323 2613 11.
338 2588 379 2613 12.
403 2587 454 2613 m.
472 2588 524 2618 29„
545 2593 615 2619 quac
634 2586 669 2611 ab
693 2585 743 2611 illo
803 2586 817 2610 1
840 2583 984 2609 convenit
996 2582 1068 2607 ratio
1081 2583 1178 2607 nostra
1192 2577 1399 2612 quodammodo
1419 2584 1483 2603 cum

43 2630 97 2663 ἐχ
115 2631 117 2640 ’
133 2623 228 2647 tura.
243 2623 301 2647 ⁷23.
768 2619 879 2645 ratione
899 2617 1008 2642 Ricard.
1029 2616 1168 2645 Bentleii,
1196 2615 1243 2646 qui
1264 2614 1327 2638 libri
1347 2613 1430 2645 primi
1456 2614 1485 2636 et

49 2663 74 2694 <j
99 2652 149 2683 'Do
164 2657 263 2682 hanun
282 2656 486 2683 sententiarum
511 2655 673 2682 auctoribus
697 2654 744 2679 vel
769 2653 888 2679 secundi
908 2652 1031 2677 carmina
1056 2651 1129 2675 intra
1157 2656 1181 2674 a.
1203 2649 1359 2674 725—730.
1381 2647 1486 2678 scripta

132 2690 228 2717 =ribus
257 2698 286 2716 v.
311 2691 462 2716 Kirehusr.
489 2690 606 2722 Quaest.
631 2690 743 2715 Horatt.
770 2695 833 2714 esse
859 2687 985 2716 censuit,
1016 2688 1047 2710 ut
1073 2685 1156 2709 facile
1181 2685 1329 2715 appareat,
1367 2688 1431 2706 eum
1457 2681 1486 2705 et

157 2741 166 2750 ·
189 2725 251 2751 Iani
265 2725 388 2751 praefat.
402 2725 438 2750 ad
450 2725 520 2750 Hor.
535 2724 629 2750 Carm.
642 2723 707 2750 Vol.
721 2724 744 2749 1.
770 2723 863 2755 ipsum
877 2721 987 2746 nullum
1000 2726 1113 2745 carmen
1128 2719 1245 2743 istorum
1265 2717 1400 2742 librorum
1420 2716 1485 2747 post

78 2770 81 2777 ·
95 2766 110 2776 '²
130 2764 131 2767 ’
771 2763 796 2783 a.
811 2757 871 2783 ⁸130.
885 2756 1021 2787 scriptum
1034 2755 1160 2787 putasse.
