1500 2820
152 213 156 219 ·
190 197 268 242 166
609 210 652 252 Q.
675 208 887 246 HoRATn
911 208 1095 249 FLAccx

118 325 160 356 55
186 309 424 354 Surrentina
446 311 560 353 vafer
583 313 653 366 qui
675 313 818 356 miscet
841 314 953 356 faece
976 315 1150 357 Falerna

182 374 294 423 vina,
320 373 549 415 columbino
572 374 714 416 limum
738 374 841 417 bene
865 376 1018 432 colligit
1041 391 1131 427 ovo,

182 440 380 488 quatenus
404 435 486 476 ima
508 436 608 490 petit
631 436 798 478 volvens
822 437 952 478 aliena
974 437 1148 479 vitellus.

182 496 298 538 tostis
323 502 569 538 marcentem
594 497 749 551 squillis
772 498 973 540 recreabis
998 505 1038 540 et
1060 498 1168 541 Afra

181 565 365 613 potorem
389 557 572 609 cochlea3
601 574 696 600 narn
719 559 877 601 lactuca
899 560 1055 601 innatat
1078 561 1161 602 acri

117 633 159 665 60
181 627 276 675 post
298 620 439 662 vinum
463 620 671 662 stomacho
679 636 690 671 3
720 635 846 676 perna
868 622 1000 677 magis
1025 635 1073 663 ac
1095 622 1226 678 magis
1250 621 1356 664 hillis

181 682 338 737 flagitat
361 682 578 724 immersus
601 682 730 732 refici,
755 682 854 736 quin
878 683 1013 724 omnia
1036 683 1160 733 malit,

182 757 463 797 quaecumque
485 744 704 785 immundis
728 744 885 786 fervent
909 745 1030 786 allata
1051 745 1225 800 popinis.

183 810 246 846 est
269 819 414 859 operae
436 805 611 860 pretium
634 805 807 859 duplicis
830 821 1072 860 pernoscere
1094 807 1192 848 iuris

182 872 379 908 naturam.
412 867 583 922 simplex
608 881 629 908 e
654 867 762 908 dulci
785 874 942 909 constat
966 868 1085 918 olivo,

118 942 158 973 65
182 928 292 982 quod
314 928 457 984 pingui
480 929 650 970 miscere
674 943 785 970 mero
809 930 1018 983 muriaque
1043 930 1201 972 decebit

180 1005 263 1032 non
286 990 365 1031 alia
388 1004 510 1043 quam
534 1005 614 1044 qua
636 990 838 1046 Byzantia
860 992 992 1046 putuit
1016 1006 1121 1033 orca.

181 1052 260 1093 hoc
282 1051 353 1093 ubi
377 1051 594 1092 confusum
618 1052 738 1094 sectis
762 1052 955 1094 inferbuit
977 1053 1125 1102 herbis,

184 1112 439 1167 Corycioque
463 1127 580 1155 croco
605 1128 790 1168 sparsum
815 1114 941 1164 stetit,
966 1115 1132 1169 insuper
1155 1114 1279 1156 addes

181 1189 324 1230 pressa
346 1174 605 1216 Venafranae
629 1176 738 1229 quod
761 1175 863 1217 baca
885 1176 1040 1217 remisit
1063 1176 1205 1217 olivae.

119 1250 159 1280 70
182 1236 346 1279 Picenis
371 1237 520 1278 cedunt
542 1237 674 1292 pomis
699 1237 886 1279 Tiburtia
910 1252 1050 1288 succo;

182 1314 276 1340 nam
299 1298 404 1340 faeie
427 1305 645 1353 praestant.
682 1300 882 1341 venucula
906 1299 1094 1342 convenit
1117 1299 1220 1340 ollis.

181 1360 329 1401 rectius
353 1359 560 1401 Albanam
583 1360 697 1402 fumo
722 1361 928 1403 duraveris
952 1375 1087 1402 uvam.

181 1422 286 1463 hanc
310 1436 386 1477 ego
411 1436 504 1462 cum
527 1422 662 1472 malis,
689 1437 765 1478 ego
790 1423 946 1464 faecem
968 1423 1122 1478 primus
1146 1428 1186 1463 et
1208 1422 1335 1472 halec,

181 1484 335 1539 primus
361 1489 400 1524 et
422 1484 605 1525 invenior
627 1485 742 1539 piper
765 1484 902 1526 album
926 1499 1019 1526 eum
1043 1484 1126 1526 sale
1149 1484 1265 1539 nigro

117 1559 157 1589 75
180 1546 378 1587 incretum
400 1546 513 1600 puris
539 1546 878 1601 circumposuisse
903 1546 1059 1587 catillis.

180 1607 354 1648 immane
379 1613 441 1648 est
464 1607 625 1657 vitium,
650 1608 746 1649 dare
770 1608 895 1648 millia
918 1614 1031 1649 terna
1054 1607 1235 1657 macello,

181 1675 435 1724 angustoque
459 1683 587 1724 vagos
610 1669 743 1724 pisces
769 1684 913 1725 urgere
937 1669 1081 1710 catino.

181 1745 330 1786 magna
352 1737 490 1771 movet
514 1731 721 1772 stomacho
745 1731 926 1780 fastidia,
954 1746 1026 1772 seu
1048 1745 1150 1785 puer
1171 1730 1302 1771 unctis

181 1792 367 1833 tractavit
390 1792 558 1833 calicem
581 1792 788 1842 manibus,
813 1793 912 1833 dum
935 1792 1066 1833 frusta
1088 1791 1258 1848 ligurrit,

114 1866 156 1898 80
181 1854 266 1895 sive
290 1853 427 1910 gravis
451 1854 578 1894 veteri
602 1859 779 1895 craterae
801 1854 923 1895 limus
948 1853 1142 1895 adhaesit.

179 1916 328 1958 vilibus
352 1917 395 1957 in
419 1916 570 1971 scopis,
595 1916 638 1957 in
660 1917 837 1971 mappis,
862 1917 905 1957 in
929 1916 1049 1958 scobe
1074 1921 1248 1969 quantus

181 1978 365 2020 consistit
389 1978 572 2020 sumtus?
605 1978 821 2034 neglectis,
846 1978 1045 2033 flagitium
1067 1978 1225 2032 ingens.

180 2039 259 2081 ten’
282 2040 438 2095 lapides
463 2040 596 2081 varios
620 2040 820 2081 lutulenta
841 2041 982 2081 radere
1005 2039 1153 2094 palma,

181 2108 220 2143 et
244 2102 390 2157 Tyrias
415 2102 511 2143 dare
535 2102 687 2143 circum
710 2101 822 2143 illota
846 2101 987 2142 toralia
1010 2107 1157 2150 vestes,

114 2175 156 2207 85
181 2163 351 2205 oblitum
375 2170 526 2217 quanto
550 2178 689 2205 curam
714 2170 973 2216 sumtumque
996 2163 1193 2203 minorem

180 2225 281 2266 haec
304 2225 496 2274 habeant,
522 2230 633 2266 tanto
657 2225 896 2279 reprehendi
919 2224 1065 2265 iustius
1088 2224 1180 2274 illis,

181 2301 285 2341 quae
307 2287 386 2328 nisi
410 2286 602 2328 divitibus
626 2292 829 2340 nequeant
852 2286 1083 2341 contingere
1106 2285 1282 2328 mensis?
1303 2309 1356 2316 -

181 2349 298 2390 docte
323 2347 434 2398 Cati,
458 2363 531 2403 per
554 2348 771 2389 amicitiam
795 2348 993 2402 divosque
1015 2354 1195 2403 rogatus,

181 2410 328 2451 ducere
351 2423 416 2450 me
441 2409 641 2458 auditum,
666 2423 812 2465 perges
837 2423 1112 2463 quocumque,
1136 2412 1350 2449 memento.

115 2484 157 2515 90
180 2486 275 2512 nam
298 2471 483 2526 quamvis
507 2471 675 2512 memori
697 2470 850 2512 referas
874 2470 973 2511 mihi
995 2476 1158 2525 pectore
1181 2474 1339 2518 cuncta,

180 2548 264 2575 non
286 2539 422 2574 tamen
443 2532 639 2587 interpres
664 2532 916 2573 tantumdem
937 2532 1100 2573 iuveris.
1136 2531 1240 2572 adde

180 2595 338 2636 vultum
360 2594 625 2648 habitumque
648 2594 841 2643 hominis3
871 2607 993 2646 quem
1017 2599 1061 2634 tu
1084 2593 1233 2634 vidisse
1257 2591 1399 2633 beatus

179 2671 262 2699 non
283 2656 422 2712 magni
444 2657 606 2712 pendis,
632 2656 727 2711 quia
750 2655 934 2711 contigit:
965 2661 1006 2697 at
1029 2654 1128 2696 mihi
1151 2668 1246 2695 cura
