1500 2820
200 192 279 236 196
629 203 672 247 Q.
690 204 906 242 HORATn
923 205 1106 243 FLACGI

129 319 170 351 20
195 307 344 357 credis,
369 321 540 349 amoena
563 313 682 350 vocat
705 323 866 351 meeum
890 310 960 364 qui
984 310 1122 361 sentit,
1147 316 1189 352 et
1211 311 1296 354 odit

123 940 165 971 30

122 1249 163 1281 35

121 1561 163 1591 40

193 383 298 422 quae
322 375 366 410 tu
389 369 559 424 pulchra
581 376 713 425 putas.
744 371 878 413 fornix
902 371 975 414 tibi
999 378 1039 414 et
1060 379 1185 415 uncta
1205 374 1356 430 popina

192 431 393 472 incutiunt
415 430 528 473 urbis
553 431 816 483 desiderium,
841 434 979 483 video,
1005 440 1046 475 et
1067 435 1179 488 quod

193 491 368 548 angulus
392 492 469 533 iste
493 492 596 534 feret
618 493 734 548 piper
758 501 797 535 et
821 495 915 536 thus
940 495 1052 537 ocius
1077 510 1170 546 uva,

192 568 267 596 nec
290 554 424 595 vicina
449 554 589 596 subest
613 555 753 597 vinum
776 556 970 610 praebere
995 556 1163 599 taberna

192 630 296 670 quae
320 616 450 672 possit
474 616 565 667 tibi,
590 631 666 659 nec
689 618 879 659 meretrix
903 618 1086 670 tibicina,
1111 620 1227 663 cuius

191 678 244 720 ad
268 678 480 733 strepitum
505 679 626 721 salias
652 685 780 721 terrae
804 681 954 736 gravis.
986 687 1025 722 et
1049 687 1186 723 tamen
1209 697 1331 739 urges

189 740 431 795 iampridem
455 756 537 782 non
562 748 669 783 tacta
691 742 898 797 ligonibus
923 759 1037 794 arva,
1063 743 1292 799 bovemque

190 802 438 843 disiunctum
463 818 579 845 curas
606 811 646 845 et
671 805 819 846 strictis
843 805 1056 848 frondibus
1082 807 1235 862 exples.

190 864 302 906 addit
327 879 429 919 opus
453 865 571 921 pigro
594 866 724 916 rivus,
751 867 786 908 si
810 867 959 908 decidit
982 867 1123 918 imber,

189 926 317 968 multa
340 926 446 968 mole
471 927 679 969 docendus
705 929 841 983 aprico
865 944 1031 985 parcere
1054 937 1183 985 prato.

188 1002 297 1030 nunc
321 1003 416 1044 age,
443 990 541 1043 quid
564 996 749 1031 nostrum
774 998 1016 1032 concentum
1040 993 1212 1043 dividat,
1239 993 1345 1035 audi.

188 1064 311 1104 quem
335 1057 477 1092 tenues
503 1051 675 1093 decuere
699 1059 819 1108 togae
843 1053 1041 1107 nitidique
1066 1055 1212 1110 capilli,

188 1126 311 1166 quem
336 1112 415 1153 scis
441 1112 663 1155 immunem
689 1113 863 1156 Cinarae
887 1114 1090 1169 placuisse
1114 1117 1261 1171 rapaci,

188 1188 311 1228 quem
335 1173 519 1216 bibulum
543 1175 685 1229 liquidi
708 1176 843 1217 media
866 1176 916 1217 de
940 1176 1030 1218 luce
1053 1176 1229 1227 Falerni,

189 1251 315 1278 coena
338 1236 472 1279 brevis
497 1238 610 1279 iuvat
634 1245 673 1279 et
697 1253 822 1293 prope
846 1239 979 1280 rivum
1005 1254 1171 1282 somnus
1194 1241 1238 1282 in
1262 1240 1398 1284 herba.

186 1312 262 1340 nec
285 1298 433 1341 lusisse
457 1300 600 1354 pudet,
627 1300 701 1341 sed
723 1315 805 1342 non
828 1300 1006 1342 incidere
1029 1301 1184 1343 ludum.

187 1376 270 1403 non
291 1361 384 1403 istic
407 1361 572 1416 obliquo
598 1362 715 1404 oculo
739 1377 831 1404 mea
855 1363 1068 1405 commoda
1090 1364 1308 1419 quisquam

186 1423 318 1473 limat,
344 1438 425 1465 non
450 1424 543 1466 odio
568 1424 741 1466 obscuro
765 1439 985 1479 morsuque
1008 1432 1200 1477 venenat3

186 1485 319 1526 rident
342 1485 465 1527 vicini
488 1485 631 1542 glebas
656 1492 696 1527 et
721 1502 821 1528 saxa
844 1493 1088 1528 moventem.

190 1561 282 1588 cum
308 1547 434 1589 servis
460 1547 616 1589 urbana
640 1548 767 1589 diaria
790 1548 932 1590 rodere
955 1549 1099 1599 mavis,

186 1610 333 1651 horum
357 1615 401 1650 tu
424 1609 467 1650 in
489 1624 704 1651 numerum
727 1617 822 1652 voto
845 1611 930 1652 ruis
938 1627 950 1662 3
973 1612 1127 1653 invidet
1151 1627 1272 1654 usum

186 1672 390 1727 lignorum
414 1678 454 1713 et
477 1673 634 1727 pecoris
660 1671 733 1714 tibi
758 1673 846 1714 calo
869 1679 1038 1729 argutus
1069 1680 1109 1715 et
1131 1674 1250 1716 horti.

186 1739 299 1788 optat
322 1733 514 1789 ephippia
537 1733 611 1776 bos
637 1734 771 1790 piger,
797 1741 910 1790 optat
934 1750 1047 1776 arare
1071 1735 1265 1778 caballus.

186 1810 310 1850 quam
335 1795 410 1837 seit
433 1802 604 1850 uterque
627 1796 758 1838 libens
783 1796 958 1839 censebo
984 1804 1170 1840 exerceat
1193 1803 1331 1839 artem.

634 1928 955 1969 EPISTOLA
983 1930 1082 1970 XV.

574 2025 640 2055 AD
668 2024 931 2058 NUMONIUM
955 2026 1142 2058 VALAM.

189 2107 306 2161 Quae
332 2107 384 2149 sit
407 2107 537 2148 hiems
562 2106 724 2158 Veliae,
749 2108 860 2162 quod
884 2107 1059 2158 coelum,
1085 2107 1208 2158 Vala,
1238 2107 1408 2159 Salerni,

187 2184 360 2224 quorum
383 2169 593 2211 hominum
616 2170 730 2225 regio
755 2175 794 2211 et
818 2170 949 2224 qualis
974 2171 1058 2220 via,
1083 2196 1138 2201 —-
1160 2186 1256 2212 nam
1279 2171 1379 2212 mihi
1401 2171 1478 2212 Bai

186 2231 312 2274 Musa
337 2246 611 2286 supervacuas
636 2231 862 2282 Antonius,
889 2238 928 2273 et
952 2238 1090 2274 tamen
1112 2233 1192 2274 illis

187 2309 252 2336 me
277 2293 376 2336 facit
398 2294 593 2344 invisum,
618 2294 754 2350 gelida
778 2309 904 2349 quum
927 2294 1091 2350 perluor
1112 2295 1222 2336 unda

185 2371 259 2411 per
282 2356 462 2397 medium
486 2355 628 2411 frigus.
661 2371 758 2397 sane
782 2362 958 2398 murteta
979 2356 1164 2410 relinqui,

187 2419 375 2472 dictaque
399 2425 626 2459 cessantem
651 2418 786 2459 nervis
811 2418 959 2460 elidere
983 2417 1171 2460 morbum

188 2479 344 2522 sulfura
368 2480 588 2530 contemni,
615 2480 730 2521 vicus
754 2480 899 2535 gemit,
924 2480 1087 2522 invidus
1111 2479 1258 2536 aegris,

186 2543 258 2597 qui
281 2548 403 2597 caput
427 2548 467 2583 et
491 2542 747 2584 stomachum
771 2557 998 2597 supponere
1022 2541 1203 2584 fontibus
1228 2541 1396 2591 audent3

189 2603 382 2646 Clusinos
409 2602 646 2657 Gabiosque
669 2610 813 2659 petunt
837 2610 876 2645 et
900 2603 1050 2660 frigida
1073 2619 1178 2646 rura.

123 2680 164 2710 10
187 2666 406 2710 mutandus
429 2666 543 2708 locus
569 2672 647 2716 est,
674 2672 712 2708 et
737 2665 968 2708 deversoria
990 2671 1087 2709 nota
