<?xml version="1.0" encoding="UTF-8"?>
<!DOCTYPE html PUBLIC "-//W3C//DTD XHTML 1.0 Transitional//EN"
    "http://www.w3.org/TR/xhtml1/DTD/xhtml1-transitional.dtd">
<html xmlns="http://www.w3.org/1999/xhtml" xml:lang="en" lang="en">
 <head>
  <title>
</title>
<meta http-equiv="Content-Type" content="text/html;charset=utf-8" />
  <meta name='ocr-system' content='tesseract 3.04.00' />
  <meta name='ocr-capabilities' content='ocr_page ocr_carea ocr_par ocr_line ocrx_word'/>
</head>
<body>
  <div class='ocr_page' id='page_1' title='image "./operaomni00horauoft_0189.png"; bbox 0 0 1500 2820; ppageno 0'>
   <div class='ocr_carea' id='block_1_1' title="bbox 0 0 492 350">
    <p class='ocr_par' dir='ltr' id='par_1_1' title="bbox 0 0 492 350">
     <span class='ocr_line' id='line_1_1' title="bbox 0 0 492 350; baseline 0 0"><span class='ocrx_word' id='word_1_1' title='bbox 0 0 492 350; x_wconf 95' lang='lat' dir='ltr'><strong>   </strong></span> 
     </span>
    </p>
   </div>
   <div class='ocr_carea' id='block_1_2' title="bbox 380 225 860 266">
    <p class='ocr_par' dir='ltr' id='par_1_2' title="bbox 380 225 860 266">
     <span class='ocr_line' id='line_1_2' title="bbox 380 225 860 266; baseline -0.004 0"><span class='ocrx_word' id='word_1_2' title='bbox 380 226 656 266; x_wconf 74' lang='lat' dir='ltr'><strong>GARMJNUM</strong></span> <span class='ocrx_word' id='word_1_3' title='bbox 678 226 776 262; x_wconf 91' lang='lat' dir='ltr'><strong>LIB.</strong></span> <span class='ocrx_word' id='word_1_4' title='bbox 793 225 860 264; x_wconf 85' lang='lat' dir='ltr'><strong>IV.</strong></span> 
     </span>
    </p>
   </div>
   <div class='ocr_carea' id='block_1_3' title="bbox 251 391 988 524">
    <p class='ocr_par' dir='ltr' id='par_1_3' title="bbox 251 391 988 524">
     <span class='ocr_line' id='line_1_3' title="bbox 425 391 814 435; baseline -0.013 0"><span class='ocrx_word' id='word_1_5' title='bbox 425 391 686 435; x_wconf 83' lang='lat' dir='ltr'><strong>GARMEN</strong></span> <span class='ocrx_word' id='word_1_6' title='bbox 714 391 814 431; x_wconf 91' lang='lat' dir='ltr'><strong>XV.</strong></span> 
     </span>
     <span class='ocr_line' id='line_1_4' title="bbox 251 486 988 524; baseline -0.007 -1"><span class='ocrx_word' id='word_1_7' title='bbox 251 489 494 524; x_wconf 79' lang='lat' dir='ltr'>CAESARIS</span> <span class='ocrx_word' id='word_1_8' title='bbox 524 487 746 522; x_wconf 84' lang='lat' dir='ltr'>AUGUSTI</span> <span class='ocrx_word' id='word_1_9' title='bbox 774 486 988 520; x_wconf 83' lang='lat' dir='ltr'><strong>LAUDES.</strong></span> 
     </span>
    </p>
   </div>
   <div class='ocr_carea' id='block_1_4' title="bbox 136 570 973 811">
    <p class='ocr_par' dir='ltr' id='par_1_4' title="bbox 136 570 968 692">
     <span class='ocr_line' id='line_1_5' title="bbox 136 570 968 629; baseline -0.008 -10"><span class='ocrx_word' id='word_1_10' title='bbox 136 573 333 619; x_wconf 85' lang='lat' dir='ltr'><strong>Phoebus</strong></span> <span class='ocrx_word' id='word_1_11' title='bbox 355 573 563 617; x_wconf 83' lang='lat' dir='ltr'><strong>volentem</strong></span> <span class='ocrx_word' id='word_1_12' title='bbox 585 571 743 629; x_wconf 85' lang='lat' dir='ltr'><strong>proelia</strong></span> <span class='ocrx_word' id='word_1_13' title='bbox 764 585 831 613; x_wconf 91' lang='lat' dir='ltr'><strong>me</strong></span> <span class='ocrx_word' id='word_1_14' title='bbox 854 570 968 625; x_wconf 80' lang='lat' dir='ltr'><strong>loqui</strong></span> 
     </span>
     <span class='ocr_line' id='line_1_6' title="bbox 136 634 830 692; baseline -0.007 -12"><span class='ocrx_word' id='word_1_15' title='bbox 136 637 268 680; x_wconf 85' lang='lat' dir='ltr'><strong>victas</strong></span> <span class='ocrx_word' id='word_1_16' title='bbox 293 647 335 679; x_wconf 83' lang='lat' dir='ltr'><strong>et</strong></span> <span class='ocrx_word' id='word_1_17' title='bbox 357 635 480 679; x_wconf 84' lang='lat' dir='ltr'><strong>urbes</strong></span> <span class='ocrx_word' id='word_1_18' title='bbox 504 635 707 692; x_wconf 83' lang='lat' dir='ltr'>increpuit</span> <span class='ocrx_word' id='word_1_19' title='bbox 728 634 830 690; x_wconf 84' lang='lat' dir='ltr'><strong>lyra,</strong></span> 
     </span>
    </p>

    <p class='ocr_par' dir='ltr' id='par_1_5' title="bbox 194 698 957 757">
     <span class='ocr_line' id='line_1_7' title="bbox 194 698 957 757; baseline -0.007 -14"><span class='ocrx_word' id='word_1_20' title='bbox 194 715 247 743; x_wconf 92' lang='lat' dir='ltr'><strong>ne</strong></span> <span class='ocrx_word' id='word_1_21' title='bbox 269 714 398 757; x_wconf 86' lang='lat' dir='ltr'><strong>parva</strong></span> <span class='ocrx_word' id='word_1_22' title='bbox 421 698 683 755; x_wconf 83' lang='lat' dir='ltr'><strong>Tyrrhenum</strong></span> <span class='ocrx_word' id='word_1_23' title='bbox 706 712 780 754; x_wconf 91' lang='lat' dir='ltr'><strong>per</strong></span> <span class='ocrx_word' id='word_1_24' title='bbox 804 710 957 752; x_wconf 83' lang='lat' dir='ltr'><strong>aequor</strong></span> 
     </span>
    </p>

    <p class='ocr_par' dir='ltr' id='par_1_6' title="bbox 246 759 973 811">
     <span class='ocr_line' id='line_1_8' title="bbox 246 759 973 811; baseline -0.007 -6"><span class='ocrx_word' id='word_1_25' title='bbox 246 762 340 805; x_wconf 86' lang='lat' dir='ltr'><strong>vela</strong></span> <span class='ocrx_word' id='word_1_26' title='bbox 362 762 515 804; x_wconf 88' lang='lat' dir='ltr'><strong>darem.</strong></span> <span class='ocrx_word' id='word_1_27' title='bbox 541 767 630 811; x_wconf 94' lang='lat' dir='ltr'><strong>tua,</strong></span> <span class='ocrx_word' id='word_1_28' title='bbox 658 759 833 810; x_wconf 87' lang='lat' dir='ltr'><strong>Caesar,</strong></span> <span class='ocrx_word' id='word_1_29' title='bbox 859 765 973 801; x_wconf 86' lang='lat' dir='ltr'><strong>aetas</strong></span> 
     </span>
    </p>
   </div>
   <div class='ocr_carea' id='block_1_5' title="bbox 136 839 892 1087">
    <p class='ocr_par' dir='ltr' id='par_1_7' title="bbox 136 839 892 1087">
     <span class='ocr_line' id='line_1_9' title="bbox 136 839 842 900; baseline -0.008 -14"><span class='ocrx_word' id='word_1_30' title='bbox 136 842 279 900; x_wconf 82' lang='lat' dir='ltr'><strong>fruges</strong></span> <span class='ocrx_word' id='word_1_31' title='bbox 303 847 345 884; x_wconf 90' lang='lat' dir='ltr'><strong>et</strong></span> <span class='ocrx_word' id='word_1_32' title='bbox 366 841 477 899; x_wconf 85' lang='lat' dir='ltr'><strong>agris</strong></span> <span class='ocrx_word' id='word_1_33' title='bbox 500 840 657 883; x_wconf 89' lang='lat' dir='ltr'><strong>rettulit</strong></span> <span class='ocrx_word' id='word_1_34' title='bbox 680 839 842 890; x_wconf 84' lang='lat' dir='ltr'><strong>uberes,</strong></span> 
     </span>
     <span class='ocr_line' id='line_1_10' title="bbox 140 901 815 962; baseline -0.006 -14"><span class='ocrx_word' id='word_1_35' title='bbox 140 911 180 948; x_wconf 90' lang='lat' dir='ltr'><strong>et</strong></span> <span class='ocrx_word' id='word_1_36' title='bbox 203 905 323 962; x_wconf 87' lang='lat' dir='ltr'><strong>signa</strong></span> <span class='ocrx_word' id='word_1_37' title='bbox 344 910 486 947; x_wconf 82' lang='lat' dir='ltr'><strong>nostro</strong></span> <span class='ocrx_word' id='word_1_38' title='bbox 508 902 688 946; x_wconf 83' lang='lat' dir='ltr'><strong>restituit</strong></span> <span class='ocrx_word' id='word_1_39' title='bbox 710 901 815 952; x_wconf 88' lang='lat' dir='ltr'><strong>Iovi,</strong></span> 
     </span>
     <span class='ocr_line' id='line_1_11' title="bbox 191 964 843 1023; baseline -0.006 -13"><span class='ocrx_word' id='word_1_40' title='bbox 191 968 360 1023; x_wconf 86' lang='lat' dir='ltr'><strong>derepta</strong></span> <span class='ocrx_word' id='word_1_41' title='bbox 381 966 630 1009; x_wconf 79' lang='lat' dir='ltr'><strong>Parthorum</strong></span> <span class='ocrx_word' id='word_1_42' title='bbox 655 964 843 1021; x_wconf 84' lang='lat' dir='ltr'><strong>superbis</strong></span> 
     </span>
     <span class='ocr_line' id='line_1_12' title="bbox 245 1026 892 1087; baseline -0.008 -14"><span class='ocrx_word' id='word_1_43' title='bbox 245 1029 453 1087; x_wconf 86' lang='lat' dir='ltr'><strong>postibus,</strong></span> <span class='ocrx_word' id='word_1_44' title='bbox 479 1035 520 1071; x_wconf 91' lang='lat' dir='ltr'><strong>et</strong></span> <span class='ocrx_word' id='word_1_45' title='bbox 542 1043 721 1070; x_wconf 88' lang='lat' dir='ltr'><strong>vacuum</strong></span> <span class='ocrx_word' id='word_1_46' title='bbox 745 1026 892 1069; x_wconf 84' lang='lat' dir='ltr'><strong>duellis</strong></span> 
     </span>
    </p>
   </div>
   <div class='ocr_carea' id='block_1_6' title="bbox 134 1106 974 1347">
    <p class='ocr_par' dir='ltr' id='par_1_8' title="bbox 134 1106 974 1289">
     <span class='ocr_line' id='line_1_13' title="bbox 136 1106 974 1164; baseline -0.005 -12"><span class='ocrx_word' id='word_1_47' title='bbox 136 1110 284 1152; x_wconf 84' lang='lat' dir='ltr'><strong>Ianum</strong></span> <span class='ocrx_word' id='word_1_48' title='bbox 309 1108 530 1164; x_wconf 82' lang='lat' dir='ltr'><strong>Quirinum</strong></span> <span class='ocrx_word' id='word_1_49' title='bbox 554 1107 702 1150; x_wconf 85' lang='lat' dir='ltr'><strong>clausit</strong></span> <span class='ocrx_word' id='word_1_50' title='bbox 726 1113 767 1149; x_wconf 89' lang='lat' dir='ltr'><strong>et</strong></span> <span class='ocrx_word' id='word_1_51' title='bbox 790 1106 974 1149; x_wconf 85' lang='lat' dir='ltr'><strong>ordinem</strong></span> 
     </span>
     <span class='ocr_line' id='line_1_14' title="bbox 134 1170 861 1229; baseline -0.004 -14"><span class='ocrx_word' id='word_1_52' title='bbox 134 1179 291 1215; x_wconf 88' lang='lat' dir='ltr'><strong>rectum</strong></span> <span class='ocrx_word' id='word_1_53' title='bbox 316 1171 509 1229; x_wconf 82' lang='lat' dir='ltr'><strong>evaganti</strong></span> <span class='ocrx_word' id='word_1_54' title='bbox 531 1171 650 1213; x_wconf 86' lang='lat' dir='ltr'><strong>frena</strong></span> <span class='ocrx_word' id='word_1_55' title='bbox 672 1170 861 1212; x_wconf 83' lang='lat' dir='ltr'><strong>licentiae</strong></span> 
     </span>
     <span class='ocr_line' id='line_1_15' title="bbox 139 1233 754 1289; baseline -0.005 -11"><span class='ocrx_word' id='word_1_56' title='bbox 139 1237 150 1240; x_wconf 53' lang='grc'><em>“</em></span> <span class='ocrx_word' id='word_1_57' title='bbox 189 1234 328 1278; x_wconf 89' lang='lat' dir='ltr'><strong>iniecit</strong></span> <span class='ocrx_word' id='word_1_58' title='bbox 351 1234 586 1289; x_wconf 88' lang='lat' dir='ltr'><strong>emovitque</strong></span> <span class='ocrx_word' id='word_1_59' title='bbox 610 1233 754 1289; x_wconf 85' lang='lat' dir='ltr'><strong>culpas</strong></span> 
     </span>
    </p>

    <p class='ocr_par' dir='ltr' id='par_1_9' title="bbox 246 1296 848 1347">
     <span class='ocr_line' id='line_1_16' title="bbox 246 1296 848 1347; baseline 0 -8"><span class='ocrx_word' id='word_1_60' title='bbox 246 1303 288 1340; x_wconf 93' lang='lat' dir='ltr'><strong>et</strong></span> <span class='ocrx_word' id='word_1_61' title='bbox 310 1302 470 1340; x_wconf 86' lang='lat' dir='ltr'><strong>veteres</strong></span> <span class='ocrx_word' id='word_1_62' title='bbox 493 1296 704 1339; x_wconf 87' lang='lat' dir='ltr'><strong>revocavit</strong></span> <span class='ocrx_word' id='word_1_63' title='bbox 727 1301 848 1347; x_wconf 84' lang='lat' dir='ltr'><strong>artes,</strong></span> 
     </span>
    </p>
   </div>
   <div class='ocr_carea' id='block_1_7' title="bbox 134 1375 952 1621">
    <p class='ocr_par' dir='ltr' id='par_1_10' title="bbox 134 1375 952 1621">
     <span class='ocr_line' id='line_1_17' title="bbox 134 1375 952 1434; baseline -0.004 -14"><span class='ocrx_word' id='word_1_64' title='bbox 134 1392 208 1434; x_wconf 89' lang='lat' dir='ltr'><strong>per</strong></span> <span class='ocrx_word' id='word_1_65' title='bbox 229 1391 334 1433; x_wconf 84' lang='lat' dir='ltr'><strong>quas</strong></span> <span class='ocrx_word' id='word_1_66' title='bbox 357 1377 559 1419; x_wconf 90' lang='lat' dir='ltr'><strong>Latinum</strong></span> <span class='ocrx_word' id='word_1_67' title='bbox 581 1391 734 1419; x_wconf 93' lang='lat' dir='ltr'><strong>nomen</strong></span> <span class='ocrx_word' id='word_1_68' title='bbox 759 1382 799 1418; x_wconf 87' lang='lat' dir='ltr'><strong>et</strong></span> <span class='ocrx_word' id='word_1_69' title='bbox 822 1375 952 1418; x_wconf 87' lang='lat' dir='ltr'><strong>Italae</strong></span> 
     </span>
     <span class='ocr_line' id='line_1_18' title="bbox 135 1438 884 1494; baseline -0.004 -11"><span class='ocrx_word' id='word_1_70' title='bbox 135 1454 299 1483; x_wconf 90' lang='lat' dir='ltr'><strong>crevere</strong></span> <span class='ocrx_word' id='word_1_71' title='bbox 322 1439 431 1482; x_wconf 89' lang='lat' dir='ltr'><strong>vires</strong></span> <span class='ocrx_word' id='word_1_72' title='bbox 455 1439 650 1494; x_wconf 83' lang='lat' dir='ltr'><strong>famaque</strong></span> <span class='ocrx_word' id='word_1_73' title='bbox 674 1446 715 1482; x_wconf 89' lang='lat' dir='ltr'><strong>et</strong></span> <span class='ocrx_word' id='word_1_74' title='bbox 737 1438 884 1494; x_wconf 91' lang='lat' dir='ltr'><strong>imperi</strong></span> 
     </span>
     <span class='ocr_line' id='line_1_19' title="bbox 189 1503 832 1559; baseline -0.005 -13"><span class='ocrx_word' id='word_1_75' title='bbox 189 1509 377 1559; x_wconf 87' lang='lat' dir='ltr'><strong>porrecta</strong></span> <span class='ocrx_word' id='word_1_76' title='bbox 400 1503 594 1545; x_wconf 85' lang='lat' dir='ltr'><strong>maiestas</strong></span> <span class='ocrx_word' id='word_1_77' title='bbox 620 1503 674 1544; x_wconf 89' lang='lat' dir='ltr'><strong>ad</strong></span> <span class='ocrx_word' id='word_1_78' title='bbox 698 1508 832 1544; x_wconf 89' lang='lat' dir='ltr'><strong>ortum</strong></span> 
     </span>
     <span class='ocr_line' id='line_1_20' title="bbox 246 1564 815 1621; baseline -0.004 -13"><span class='ocrx_word' id='word_1_79' title='bbox 246 1565 344 1608; x_wconf 84' lang='lat' dir='ltr'><strong>solis</strong></span> <span class='ocrx_word' id='word_1_80' title='bbox 369 1564 421 1608; x_wconf 89' lang='lat' dir='ltr'><strong>ab</strong></span> <span class='ocrx_word' id='word_1_81' title='bbox 445 1564 652 1621; x_wconf 87' lang='lat' dir='ltr'><strong>Hesperio</strong></span> <span class='ocrx_word' id='word_1_82' title='bbox 677 1564 815 1607; x_wconf 88' lang='lat' dir='ltr'><strong>cubili.</strong></span> 
     </span>
    </p>
   </div>
   <div class='ocr_carea' id='block_1_8' title="bbox 135 1643 918 1876">
    <p class='ocr_par' dir='ltr' id='par_1_11' title="bbox 135 1643 918 1876">
     <span class='ocr_line' id='line_1_21' title="bbox 136 1643 918 1688; baseline -0.003 0"><span class='ocrx_word' id='word_1_83' title='bbox 136 1645 306 1688; x_wconf 82' lang='lat' dir='ltr'><strong>custode</strong></span> <span class='ocrx_word' id='word_1_84' title='bbox 328 1659 467 1687; x_wconf 88' lang='lat' dir='ltr'><strong>rerum</strong></span> <span class='ocrx_word' id='word_1_85' title='bbox 493 1643 673 1687; x_wconf 80' lang='lat' dir='ltr'><strong>Caesare</strong></span> <span class='ocrx_word' id='word_1_86' title='bbox 697 1660 781 1687; x_wconf 92' lang='lat' dir='ltr'><strong>non</strong></span> <span class='ocrx_word' id='word_1_87' title='bbox 804 1643 918 1686; x_wconf 87' lang='lat' dir='ltr'><strong>furor</strong></span> 
     </span>
     <span class='ocr_line' id='line_1_22' title="bbox 135 1707 778 1764; baseline -0.002 -14"><span class='ocrx_word' id='word_1_88' title='bbox 135 1707 265 1750; x_wconf 87' lang='lat' dir='ltr'><strong>civilis</strong></span> <span class='ocrx_word' id='word_1_89' title='bbox 289 1714 361 1750; x_wconf 86' lang='lat' dir='ltr'><strong>aut</strong></span> <span class='ocrx_word' id='word_1_90' title='bbox 383 1707 447 1750; x_wconf 83' lang='lat' dir='ltr'><strong>vis</strong></span> <span class='ocrx_word' id='word_1_91' title='bbox 473 1708 612 1764; x_wconf 89' lang='lat' dir='ltr'><strong>exiget</strong></span> <span class='ocrx_word' id='word_1_92' title='bbox 635 1708 778 1758; x_wconf 90' lang='lat' dir='ltr'><strong>otium,</strong></span> 
     </span>
     <span class='ocr_line' id='line_1_23' title="bbox 189 1771 865 1827; baseline -0.001 -14"><span class='ocrx_word' id='word_1_93' title='bbox 189 1785 273 1814; x_wconf 91' lang='lat' dir='ltr'><strong>non</strong></span> <span class='ocrx_word' id='word_1_94' title='bbox 294 1771 374 1822; x_wconf 83' lang='lat' dir='ltr'><strong>ira,</strong></span> <span class='ocrx_word' id='word_1_95' title='bbox 400 1785 506 1826; x_wconf 88' lang='lat' dir='ltr'><strong>quae</strong></span> <span class='ocrx_word' id='word_1_96' title='bbox 529 1771 719 1827; x_wconf 84' lang='lat' dir='ltr'><strong>procudit</strong></span> <span class='ocrx_word' id='word_1_97' title='bbox 744 1785 865 1813; x_wconf 83' lang='lat' dir='ltr'><strong>enses</strong></span> 
     </span>
     <span class='ocr_line' id='line_1_24' title="bbox 247 1832 852 1876; baseline 0 -1"><span class='ocrx_word' id='word_1_98' title='bbox 247 1839 289 1875; x_wconf 86' lang='lat' dir='ltr'><strong>et</strong></span> <span class='ocrx_word' id='word_1_99' title='bbox 310 1833 483 1876; x_wconf 86' lang='lat' dir='ltr'><strong>miseras</strong></span> <span class='ocrx_word' id='word_1_100' title='bbox 506 1833 691 1875; x_wconf 87' lang='lat' dir='ltr'><strong>inimicat</strong></span> <span class='ocrx_word' id='word_1_101' title='bbox 714 1832 852 1875; x_wconf 85' lang='lat' dir='ltr'><strong>urbes.</strong></span> 
     </span>
    </p>
   </div>
   <div class='ocr_carea' id='block_1_9' title="bbox 135 1911 1063 2156">
    <p class='ocr_par' dir='ltr' id='par_1_12' title="bbox 135 1911 1063 2156">
     <span class='ocr_line' id='line_1_25' title="bbox 136 1911 1063 1968; baseline -0.001 -14"><span class='ocrx_word' id='word_1_102' title='bbox 136 1927 238 1964; x_wconf 87' lang='lat' dir='ltr'><strong>non,</strong></span> <span class='ocrx_word' id='word_1_103' title='bbox 264 1912 336 1968; x_wconf 92' lang='lat' dir='ltr'><strong>qui</strong></span> <span class='ocrx_word' id='word_1_104' title='bbox 358 1912 611 1968; x_wconf 88' lang='lat' dir='ltr'><strong>profundum</strong></span> <span class='ocrx_word' id='word_1_105' title='bbox 634 1912 879 1954; x_wconf 88' lang='lat' dir='ltr'><strong>Danubium</strong></span> <span class='ocrx_word' id='word_1_106' title='bbox 904 1911 1063 1963; x_wconf 90' lang='lat' dir='ltr'><strong>bibunt,</strong></span> 
     </span>
     <span class='ocr_line' id='line_1_26' title="bbox 135 1973 912 2031; baseline -0.001 -14"><span class='ocrx_word' id='word_1_107' title='bbox 135 1975 269 2017; x_wconf 85' lang='lat' dir='ltr'><strong>edicta</strong></span> <span class='ocrx_word' id='word_1_108' title='bbox 290 1982 483 2031; x_wconf 90' lang='lat' dir='ltr'><strong>rumpent</strong></span> <span class='ocrx_word' id='word_1_109' title='bbox 505 1975 631 2026; x_wconf 85' lang='lat' dir='ltr'><strong>Iulia,</strong></span> <span class='ocrx_word' id='word_1_110' title='bbox 657 1991 740 2017; x_wconf 89' lang='lat' dir='ltr'><strong>non</strong></span> <span class='ocrx_word' id='word_1_111' title='bbox 766 1973 912 2026; x_wconf 85' lang='lat' dir='ltr'><strong>Getae,</strong></span> 
     </span>
     <span class='ocr_line' id='line_1_27' title="bbox 191 2036 810 2088; baseline 0 -9"><span class='ocrx_word' id='word_1_112' title='bbox 191 2053 276 2080; x_wconf 91' lang='lat' dir='ltr'><strong>non</strong></span> <span class='ocrx_word' id='word_1_113' title='bbox 301 2036 425 2080; x_wconf 82' lang='lat' dir='ltr'><strong>Seres</strong></span> <span class='ocrx_word' id='word_1_114' title='bbox 449 2037 616 2079; x_wconf 89' lang='lat' dir='ltr'><strong>infidive</strong></span> <span class='ocrx_word' id='word_1_115' title='bbox 641 2037 810 2088; x_wconf 85' lang='lat' dir='ltr'><strong>Persae,</strong></span> 
     </span>
     <span class='ocr_line' id='line_1_28' title="bbox 246 2100 967 2156; baseline -0.001 -14"><span class='ocrx_word' id='word_1_116' title='bbox 246 2115 331 2143; x_wconf 89' lang='lat' dir='ltr'><strong>non</strong></span> <span class='ocrx_word' id='word_1_117' title='bbox 354 2100 517 2142; x_wconf 85' lang='lat' dir='ltr'><strong>Tanain</strong></span> <span class='ocrx_word' id='word_1_118' title='bbox 539 2115 668 2156; x_wconf 90' lang='lat' dir='ltr'><strong>prope</strong></span> <span class='ocrx_word' id='word_1_119' title='bbox 691 2100 847 2142; x_wconf 89' lang='lat' dir='ltr'><strong>flumen</strong></span> <span class='ocrx_word' id='word_1_120' title='bbox 871 2100 967 2150; x_wconf 84' lang='lat' dir='ltr'><strong>orti3</strong></span> 
     </span>
    </p>
   </div>
   <div class='ocr_carea' id='block_1_10' title="bbox 136 2179 980 2425">
    <p class='ocr_par' dir='ltr' id='par_1_13' title="bbox 136 2179 980 2425">
     <span class='ocr_line' id='line_1_29' title="bbox 136 2179 980 2235; baseline 0 -13"><span class='ocrx_word' id='word_1_121' title='bbox 136 2193 295 2234; x_wconf 85' lang='lat' dir='ltr'><strong>nosque</strong></span> <span class='ocrx_word' id='word_1_122' title='bbox 319 2185 360 2221; x_wconf 86' lang='lat' dir='ltr'><strong>et</strong></span> <span class='ocrx_word' id='word_1_123' title='bbox 383 2179 576 2235; x_wconf 84' lang='lat' dir='ltr'><strong>profestis</strong></span> <span class='ocrx_word' id='word_1_124' title='bbox 601 2179 762 2222; x_wconf 89' lang='lat' dir='ltr'><strong>lucibus</strong></span> <span class='ocrx_word' id='word_1_125' title='bbox 788 2186 828 2222; x_wconf 84' lang='lat' dir='ltr'><strong>et</strong></span> <span class='ocrx_word' id='word_1_126' title='bbox 853 2180 980 2222; x_wconf 86' lang='lat' dir='ltr'><strong>sacris</strong></span> 
     </span>
     <span class='ocr_line' id='line_1_30' title="bbox 138 2241 754 2285; baseline 0.002 -2"><span class='ocrx_word' id='word_1_127' title='bbox 138 2241 242 2284; x_wconf 89' lang='lat' dir='ltr'><strong>inter</strong></span> <span class='ocrx_word' id='word_1_128' title='bbox 264 2242 392 2284; x_wconf 85' lang='lat' dir='ltr'><strong>iocosi</strong></span> <span class='ocrx_word' id='word_1_129' title='bbox 415 2257 586 2284; x_wconf 88' lang='lat' dir='ltr'><strong>munera</strong></span> <span class='ocrx_word' id='word_1_130' title='bbox 607 2242 754 2285; x_wconf 88' lang='lat' dir='ltr'><strong>Liberi</strong></span> 
     </span>
     <span class='ocr_line' id='line_1_31' title="bbox 193 2304 915 2361; baseline 0.004 -16"><span class='ocrx_word' id='word_1_131' title='bbox 193 2318 288 2346; x_wconf 90' lang='lat' dir='ltr'><strong>cum</strong></span> <span class='ocrx_word' id='word_1_132' title='bbox 310 2304 425 2360; x_wconf 85' lang='lat' dir='ltr'><strong>prole</strong></span> <span class='ocrx_word' id='word_1_133' title='bbox 448 2305 727 2361; x_wconf 88' lang='lat' dir='ltr'><strong>matronisque</strong></span> <span class='ocrx_word' id='word_1_134' title='bbox 751 2305 915 2356; x_wconf 83' lang='lat' dir='ltr'><strong>nostris,</strong></span> 
     </span>
     <span class='ocr_line' id='line_1_32' title="bbox 248 2366 831 2425; baseline 0.003 -17"><span class='ocrx_word' id='word_1_135' title='bbox 248 2366 325 2409; x_wconf 90' lang='lat' dir='ltr'><strong>rite</strong></span> <span class='ocrx_word' id='word_1_136' title='bbox 349 2367 448 2410; x_wconf 86' lang='lat' dir='ltr'><strong>deos</strong></span> <span class='ocrx_word' id='word_1_137' title='bbox 471 2368 586 2424; x_wconf 84' lang='lat' dir='ltr'><strong>prius</strong></span> <span class='ocrx_word' id='word_1_138' title='bbox 610 2369 831 2425; x_wconf 87' lang='lat' dir='ltr'><strong>apprecati,</strong></span> 
     </span>
    </p>
   </div>
   <div class='ocr_carea' id='block_1_11' title="bbox 138 2445 966 2690">
    <p class='ocr_par' dir='ltr' id='par_1_14' title="bbox 138 2445 966 2690">
     <span class='ocr_line' id='line_1_33' title="bbox 139 2445 949 2503; baseline 0.004 -16"><span class='ocrx_word' id='word_1_139' title='bbox 139 2446 287 2488; x_wconf 88' lang='lat' dir='ltr'><strong>virtute</strong></span> <span class='ocrx_word' id='word_1_140' title='bbox 310 2445 474 2490; x_wconf 82' lang='lat' dir='ltr'><strong>fimetos</strong></span> <span class='ocrx_word' id='word_1_141' title='bbox 499 2462 611 2490; x_wconf 90' lang='lat' dir='ltr'><strong>more</strong></span> <span class='ocrx_word' id='word_1_142' title='bbox 635 2454 798 2503; x_wconf 84' lang='lat' dir='ltr'><strong>patrum</strong></span> <span class='ocrx_word' id='word_1_143' title='bbox 823 2448 949 2490; x_wconf 87' lang='lat' dir='ltr'><strong>duces</strong></span> 
     </span>
     <span class='ocr_line' id='line_1_34' title="bbox 138 2508 814 2564; baseline 0.004 -14"><span class='ocrx_word' id='word_1_144' title='bbox 138 2508 276 2564; x_wconf 82' lang='lat' dir='ltr'><strong>Lydis</strong></span> <span class='ocrx_word' id='word_1_145' title='bbox 301 2509 475 2552; x_wconf 81' lang='lat' dir='ltr'><strong>remixto</strong></span> <span class='ocrx_word' id='word_1_146' title='bbox 500 2510 680 2552; x_wconf 90' lang='lat' dir='ltr'><strong>carmine</strong></span> <span class='ocrx_word' id='word_1_147' title='bbox 703 2510 814 2553; x_wconf 85' lang='lat' dir='ltr'><strong>tibiis</strong></span> 
     </span>
     <span class='ocr_line' id='line_1_35' title="bbox 195 2570 966 2626; baseline 0.004 -14"><span class='ocrx_word' id='word_1_148' title='bbox 195 2570 444 2626; x_wconf 82' lang='lat' dir='ltr'><strong>Troiamque</strong></span> <span class='ocrx_word' id='word_1_149' title='bbox 468 2578 508 2614; x_wconf 90' lang='lat' dir='ltr'><strong>et</strong></span> <span class='ocrx_word' id='word_1_150' title='bbox 530 2571 746 2615; x_wconf 87' lang='lat' dir='ltr'><strong>Anchisen</strong></span> <span class='ocrx_word' id='word_1_151' title='bbox 770 2580 811 2615; x_wconf 87' lang='lat' dir='ltr'><strong>et</strong></span> <span class='ocrx_word' id='word_1_152' title='bbox 834 2573 966 2615; x_wconf 89' lang='lat' dir='ltr'><strong>almae</strong></span> 
     </span>
     <span class='ocr_line' id='line_1_36' title="bbox 249 2633 919 2690; baseline 0.006 -16"><span class='ocrx_word' id='word_1_153' title='bbox 249 2633 487 2690; x_wconf 87' lang='lat' dir='ltr'><strong>progeniem</strong></span> <span class='ocrx_word' id='word_1_154' title='bbox 510 2633 685 2678; x_wconf 88' lang='lat' dir='ltr'><strong>Veneris</strong></span> <span class='ocrx_word' id='word_1_155' title='bbox 710 2650 919 2678; x_wconf 86' lang='lat' dir='ltr'><strong>canemus.</strong></span> 
     </span>
    </p>
   </div>
   <div class='ocr_carea' id='block_1_12' title="bbox 480 2744 753 2750">
    <p class='ocr_par' dir='ltr' id='par_1_15' title="bbox 480 2744 753 2750">
     <span class='ocr_line' id='line_1_37' title="bbox 480 2744 753 2750; baseline 0 0"><span class='ocrx_word' id='word_1_156' title='bbox 480 2744 753 2750; x_wconf 95' lang='lat' dir='ltr'><strong> </strong></span> 
     </span>
    </p>
   </div>
   <div class='ocr_carea' id='block_1_13' title="bbox 1013 2787 1067 2820">
    <p class='ocr_par' dir='ltr' id='par_1_16' title="bbox 1013 2787 1067 2820">
     <span class='ocr_line' id='line_1_38' title="bbox 1013 2787 1067 2820; baseline 0 -12"><span class='ocrx_word' id='word_1_157' title='bbox 1013 2787 1067 2820; x_wconf 54' lang='lat'><strong>74</strong></span> 
     </span>
    </p>
   </div>
   <div class='ocr_carea' id='block_1_14' title="bbox 1240 209 1296 254">
    <p class='ocr_par' dir='ltr' id='par_1_17' title="bbox 1240 209 1296 254">
     <span class='ocr_line' id='line_1_39' title="bbox 1240 209 1296 254; baseline 0 0"><span class='ocrx_word' id='word_1_158' title='bbox 1240 209 1296 254; x_wconf 88' lang='grc'><strong>99</strong></span> 
     </span>
    </p>
   </div>
   <div class='ocr_carea' id='block_1_15' title="bbox 1324 1179 1365 1211">
    <p class='ocr_par' dir='ltr' id='par_1_18' title="bbox 1324 1179 1365 1211">
     <span class='ocr_line' id='line_1_40' title="bbox 1324 1179 1365 1211; baseline 0 0"><span class='ocrx_word' id='word_1_159' title='bbox 1324 1179 1365 1211; x_wconf 94' lang='grc'><strong>10</strong></span> 
     </span>
    </p>
   </div>
   <div class='ocr_carea' id='block_1_16' title="bbox 1324 1512 1364 1543">
    <p class='ocr_par' dir='ltr' id='par_1_19' title="bbox 1324 1512 1364 1543">
     <span class='ocr_line' id='line_1_41' title="bbox 1324 1512 1364 1543; baseline 0.025 -1"><span class='ocrx_word' id='word_1_160' title='bbox 1324 1512 1364 1543; x_wconf 88' lang='lat'><strong>15</strong></span> 
     </span>
    </p>
   </div>
   <div class='ocr_carea' id='block_1_17' title="bbox 1322 1843 1365 1874">
    <p class='ocr_par' dir='ltr' id='par_1_20' title="bbox 1322 1843 1365 1874">
     <span class='ocr_line' id='line_1_42' title="bbox 1322 1843 1365 1874; baseline 0.023 -1"><span class='ocrx_word' id='word_1_161' title='bbox 1322 1843 1365 1874; x_wconf 87' lang='lat'><strong>20</strong></span> 
     </span>
    </p>
   </div>
   <div class='ocr_carea' id='block_1_18' title="bbox 1322 2193 1364 2223">
    <p class='ocr_par' dir='ltr' id='par_1_21' title="bbox 1322 2193 1364 2223">
     <span class='ocr_line' id='line_1_43' title="bbox 1322 2193 1364 2223; baseline 0 0"><span class='ocrx_word' id='word_1_162' title='bbox 1322 2193 1364 2223; x_wconf 81' lang='lat'><strong>25</strong></span> 
     </span>
    </p>
   </div>
   <div class='ocr_carea' id='block_1_19' title="bbox 1321 2523 1363 2553">
    <p class='ocr_par' dir='ltr' id='par_1_22' title="bbox 1321 2523 1363 2553">
     <span class='ocr_line' id='line_1_44' title="bbox 1321 2523 1363 2553; baseline 0.024 -1"><span class='ocrx_word' id='word_1_163' title='bbox 1321 2523 1363 2553; x_wconf 79' lang='lat'><strong>30</strong></span> 
     </span>
    </p>
   </div>
  </div>
 </body>
</html>
