1500 2820
210 323 253 354 45

202 660 245 691 50

195 1002 237 1032 55

188 1338 229 1368 60

181 1703 222 1734 65

174 2040 216 2070 70

707 218 1180 266 QqHORRHIFLAOEffl

469 317 670 362 horrenda
691 322 771 365 late
793 339 942 369 nomen
963 329 1006 370 in
1027 329 1190 375 ultimas

471 382 662 423 extendat
684 398 793 436 oras,
818 401 900 441 qua
922 391 1080 434 medius
1103 392 1236 448 liquor

525 444 698 486 secernit
718 445 915 503 Europen
936 451 988 494 ab
1011 452 1131 505 Afro,

577 519 658 559 qua
681 509 858 553 tumidus
881 512 987 568 figat
1009 530 1106 558 arva
1127 517 1257 570 Nilus,

464 610 607 639 aurum
629 599 866 656 irrepertum
890 611 930 646 et
953 606 1012 649 sic
1034 609 1179 653 melius
1203 613 1334 666 situm,

462 671 588 711 quum
611 666 716 703 terra
740 664 860 715 celat,
885 681 1073 722 spernere
1097 671 1238 716 fortior

516 735 638 774 quam
662 738 824 780 cogere,
850 727 1049 774 humanos
1072 733 1115 775 in
1136 749 1236 779 usus

570 798 689 827 omne
713 802 873 830 sacrum
895 792 1074 847 rapiente
1097 796 1251 841 dextra.

458 874 702 930 quicumque
726 881 878 923 mundo
902 885 1096 929 terminus
1120 888 1287 942 obstitit,

456 934 565 977 hunc
589 943 729 994 tangat
751 943 892 993 armis,
918 945 1048 988 visere
1071 950 1264 1004 gestiens,

511 1011 592 1051 qua
613 1008 726 1054 parte
752 1003 1052 1050 debacchentur
1073 1011 1202 1066 ignes,

563 1075 644 1114 qua
666 1063 837 1107 nebulae
859 1067 1068 1124 pluviique
1090 1087 1213 1116 rores.

453 1148 526 1189 sed
549 1149 750 1195 bellicosis
775 1155 860 1198 fata
885 1157 1112 1211 Quiritibus

452 1209 528 1251 hac
551 1211 642 1269 lege
666 1215 774 1266 dico,
799 1233 850 1260 ne
874 1220 1044 1263 nimium
1066 1224 1123 1279 pii

502 1272 706 1329 rebusque
729 1278 900 1322 fidentes
924 1283 1056 1326 avitae

557 1341 663 1378 tecta
686 1339 811 1381 velint
833 1357 1018 1398 reparare
1043 1346 1202 1391 Troiae.

448 1422 592 1467 Troiae
615 1442 831 1472 renascens
856 1432 950 1474 alite
973 1434 1135 1491 lugubri

446 1484 608 1528 fortuna
631 1489 734 1531 tristi
758 1491 871 1534 clade
895 1494 1115 1548 iterabitur,

500 1547 672 1591 ducente
696 1552 881 1597 victrices
907 1564 1089 1601 catervas

552 1612 723 1668 coniuge
747 1629 812 1656 me
834 1615 945 1660 Iovis
971 1626 1010 1660 et
1033 1636 1180 1664 sorore.

443 1704 504 1739 ter
525 1700 560 1740 si
583 1709 767 1759 resurgat
792 1720 932 1749 murus
957 1723 1107 1752 aeneus

438 1766 601 1803 auctore
626 1762 811 1815 Phoebo,
838 1774 899 1809 ter
919 1777 1059 1824 pereat
1081 1773 1182 1815 meis

494 1824 655 1867 excisus
678 1825 867 1883 Argivis,
893 1835 954 1871 ter
976 1846 1079 1874 uxor

547 1892 665 1941 capta
688 1888 819 1930 virum
842 1905 1070 1947 puerosque
1093 1896 1273 1950 ploret!“

433 1988 515 2015 non
538 1975 639 2018 haec
662 1978 823 2022 iocosae
847 1985 1092 2027 conveniunt
1113 1987 1243 2042 lyrae:

434 2049 532 2088 quo,
558 2036 700 2089 Musa,
727 2043 884 2084 tendis?
907 2045 1047 2088 desine
1068 2049 1261 2103 pervicax
1310 2049 1316 2053 ’

486 2098 635 2141 referre
660 2116 866 2147 sermones
891 2106 1058 2149 deorum
1082 2115 1122 2151 et

541 2175 691 2217 magna
714 2165 846 2207 modis
870 2172 1035 2211 tenuare
1057 2172 1206 2226 parvis.

722 2311 978 2354 GARMEN
1005 2317 1083 2356 IV.

674 2404 748 2438 AD
782 2407 1121 2444 CALLIOPEN.

425 2483 642 2530 Descende
666 2490 778 2532 caelo
802 2498 842 2533 et
865 2493 930 2535 dic
953 2510 1029 2550 age
1053 2496 1152 2539 tibia

423 2548 562 2602 regina
585 2549 753 2606 longum
779 2552 962 2610 Calliope
986 2558 1126 2608 melos,

479 2623 551 2650 seu
575 2625 675 2653 voce
698 2628 807 2655 nunc
829 2617 959 2658 mavis
985 2626 1115 2669 acuta,

531 2686 604 2713 seu
627 2673 774 2717 fidibus
800 2677 1032 2734 citharaque
1055 2680 1223 2725 Phoebi.

1450 2727 1475 2820 'flens-‘f
1458 2716 1474 2718 3
