1500 2820
163 136 242 178 188
589 146 632 189 Q.
651 145 866 184 HORATH
881 147 1066 186 FLACCI

94 261 136 293 60
158 263 263 290 unus
287 255 332 290 ut
355 263 377 290 e
400 249 537 291 multis
561 249 712 305 populo
736 257 941 305 spectante
964 251 1132 294 referret

158 317 310 352 emtum
333 310 467 352 mulus
492 326 654 366 aprum3
679 313 792 353 crudi
815 313 1038 367 tumidique
1060 313 1253 366 lavemur,

157 372 255 426 quid
279 373 436 421 deceat,
462 373 561 426 quid
583 388 681 422 non,
707 373 837 423 obliti,
865 373 1025 416 Caerite
1049 389 1141 416 cera

157 435 286 505 digni,
310 435 525 490 remigium
548 436 739 477 vitiosum
761 436 987 479 Ithacensis
1012 437 1138 488 Ulixi,

157 497 222 538 cui
245 497 376 551 potior
398 497 529 551 patria
552 497 629 538 fuit
651 497 862 539 interdicta
885 499 1084 553 voluptas.

90 570 130 601 65
156 558 207 607 si,
233 557 502 598 Mimnermus
529 559 586 599 uti
610 565 763 608 censet,
789 559 875 600 sine
899 575 1035 602 amore
1057 560 1237 615 iocisque

153 618 210 660 nil
234 625 294 660 est
317 619 557 669 iucundum,
582 620 696 661 vivas
720 621 763 661 in
786 635 922 662 amore
945 621 1137 675 iocisque.

152 680 262 729 vive,
288 680 396 721 vale:
422 681 456 722 si
479 681 577 734 quid
600 681 749 723 novisti
770 683 918 724 rectius
941 683 1043 732 istis,

154 741 348 783 candidus
372 742 549 798 imperti3
576 743 611 783 si
633 757 730 792 non,
755 742 819 785 his
844 750 956 785 utere
979 759 1152 786 mecum.

596 873 915 913 EPISTOLA
943 875 1041 914 VII.

529 967 608 998 AD
645 966 1110 1000 MAECENATEM.

152 1049 345 1103 Quinque
369 1049 455 1091 dies
480 1049 554 1090 tibi
575 1050 778 1104 pollicitus
801 1065 866 1092 me
889 1065 982 1093 rure
1005 1050 1186 1093 futurum

153 1110 349 1154 Sextilem
374 1117 503 1152 totum
526 1112 703 1153 mendax
727 1112 944 1154 desideror.
975 1113 1086 1167 atqui

151 1174 186 1215 si
210 1188 274 1214 me
298 1173 434 1215 vivere
459 1173 520 1214 vis
546 1188 690 1214 sanum
713 1179 901 1228 recteque
925 1174 1139 1224 valentem,

149 1249 272 1288 quam
295 1234 394 1275 mihi
418 1234 491 1276 das
516 1249 656 1290 aegro,
681 1234 798 1277 dabis
822 1242 1029 1291 aegrotare
1054 1236 1222 1286 timenti,

105 1309 124 1340 5
148 1296 389 1346 Maecenas,
414 1296 594 1346 veniam,
619 1297 717 1337 dum
740 1297 841 1338 ficus
864 1297 996 1351 prima
1020 1297 1206 1352 calorqne

148 1358 447 1413 designatorem
472 1357 635 1399 decorat
657 1357 865 1399 lictoribus
889 1358 986 1400 atris
994 1375 1005 1408 ;

148 1420 243 1460 dum
267 1419 403 1474 pueris
429 1419 560 1461 omnis
582 1426 698 1476 pater
721 1426 761 1462 et
783 1421 1004 1462 matercula
1025 1421 1160 1475 pallet,

147 1481 410 1534 officiosaque
435 1481 628 1522 sedulitas
654 1487 693 1523 et
716 1481 848 1536 opella
871 1481 1043 1523 forensis

146 1543 310 1584 adducit
333 1542 468 1584 febres
493 1549 532 1584 et
555 1548 796 1585 testamenta
817 1544 1009 1599 resignat.

82 1617 122 1648 10
146 1604 292 1658 quodsi
314 1603 460 1645 bruma
482 1604 597 1646 nives
622 1603 795 1646 Albanis
820 1605 947 1646 illinet
970 1605 1091 1661 agris,

145 1665 198 1707 ad
221 1679 331 1706 mare
355 1665 574 1707 descendet
596 1672 710 1707 vates
735 1672 828 1707 tuus
853 1672 893 1708 et
917 1665 995 1708 sibi
1016 1672 1154 1721 parcet

145 1733 455 1781 contractusque
478 1726 605 1782 leget3
630 1733 687 1776 te,
713 1727 842 1768 dulcis
868 1728 1014 1777 amice,
1038 1729 1188 1770 reviset

145 1802 238 1830 cum
263 1787 480 1843 Zephyris,
506 1788 541 1829 si
565 1788 780 1838 concedes,
806 1795 846 1830 et
868 1789 1081 1830 hirundine
1104 1789 1245 1844 prima.

143 1865 226 1892 non
249 1864 328 1904 quo
353 1864 464 1891 more
487 1850 598 1905 pyris
622 1850 734 1892 vesci
759 1849 934 1892 Calaber
956 1850 1069 1891 iubet
1093 1850 1256 1905 hospes,

81 1926 120 1956 15
144 1918 189 1953 tu
212 1926 278 1953 me
302 1911 437 1953 fecisti
459 1911 714 1967 locupletem.
740 1937 793 1942 ——-
817 1926 982 1954 vescere
1007 1911 1145 1954 sodes!
1171 1937 1224 1942 -—-

142 1974 224 2016 iam
248 1974 346 2015 satis
371 1980 444 2015 est.
475 1999 529 2004 -
553 1980 595 2015 at
617 1980 662 2015 tu
685 1980 881 2029 quantum
905 1975 967 2016 vis
992 1975 1098 2016 tolle.
1129 2000 1183 2005 —-
1206 1974 1392 2031 benigne.
1425 2000 1472 2005 ——

142 2051 225 2078 non
247 2035 379 2077 invisa
401 2035 508 2076 feres
531 2036 668 2091 pueris
692 2036 934 2078 munuscula
955 2037 1105 2091 parvis.
1130 2061 1184 2066 —

142 2104 226 2139 tam
250 2104 389 2138 teneor
411 2097 519 2139 dono
543 2111 665 2151 quam
690 2098 725 2139 si
748 2098 926 2139 dimittar
949 2106 1132 2139 onustus.
1158 2122 1211 2128 —

142 2165 188 2200 ut
210 2158 326 2209 libet;
350 2158 452 2200 haec
474 2159 607 2214 porcis
632 2159 752 2200 hodie
777 2159 1026 2200 comedenda
1048 2159 1254 2213 relinquis.
1279 2184 1331 2189 ——

76 2233 119 2264 20
141 2221 336 2276 prodigus
362 2227 402 2261 et
426 2219 573 2261 stultus
598 2220 723 2261 donat
745 2235 849 2274 quae
875 2220 1027 2275 spernit
1051 2226 1092 2261 et
1114 2220 1216 2270 odit3

140 2282 242 2324 haec
266 2296 385 2337 seges
409 2281 590 2337 ingratos
614 2281 704 2322 tulit
729 2288 768 2322 et
791 2281 894 2322 feret
917 2280 1104 2323 omnibus
1129 2281 1257 2322 annis.

140 2345 202 2386 vir
224 2343 356 2386 bonus
382 2350 422 2384 et
446 2344 607 2398 sapiens
632 2343 766 2398 dignis
791 2343 846 2384 ait
870 2357 961 2384 esse
984 2349 1150 2398 paratus
1158 2359 1171 2393 3

140 2419 215 2446 nec
239 2412 375 2446 tamen
397 2404 574 2460 ignorat,
599 2404 697 2458 quid
720 2404 869 2445 distent
892 2417 986 2444 aera
1007 2403 1169 2459 lupinis.

141 2467 311 2522 dignum
334 2465 550 2521 praestabo
574 2480 639 2506 me
663 2465 784 2506 etiam
807 2479 882 2519 pro
905 2464 1025 2505 laude
1048 2464 1251 2506 merentis.

74 2541 115 2573 25
140 2528 286 2582 quodsi
308 2542 373 2569 me
396 2528 509 2569 noles
534 2541 707 2581 usquam
731 2526 955 2576 discedere,
979 2526 1124 2567 reddes

141 2590 246 2631 forte
269 2589 396 2639 latus,
420 2589 558 2644 nigros
583 2595 757 2644 angusta
780 2587 912 2629 fronte
937 2587 1103 2642 capillos
1111 2604 1122 2639 ;

138 2651 283 2693 reddes
309 2650 426 2692 dulce
450 2651 579 2705 loqui;
603 2650 747 2692 reddes
772 2650 901 2692 ridere
926 2649 1117 2691 decorum
1141 2657 1181 2691 et
