<?xml version="1.0" encoding="UTF-8"?>
<!DOCTYPE html PUBLIC "-//W3C//DTD XHTML 1.0 Transitional//EN"
    "http://www.w3.org/TR/xhtml1/DTD/xhtml1-transitional.dtd">
<html xmlns="http://www.w3.org/1999/xhtml" xml:lang="en" lang="en">
 <head>
  <title>
</title>
<meta http-equiv="Content-Type" content="text/html;charset=utf-8" />
  <meta name='ocr-system' content='tesseract 3.04.00' />
  <meta name='ocr-capabilities' content='ocr_page ocr_carea ocr_par ocr_line ocrx_word'/>
</head>
<body>
  <div class='ocr_page' id='page_1' title='image "./operaomni00horauoft_0241.png"; bbox 0 0 1500 2820; ppageno 0'>
   <div class='ocr_carea' id='block_1_1' title="bbox 0 0 384 226">
    <p class='ocr_par' dir='ltr' id='par_1_1' title="bbox 0 0 384 226">
     <span class='ocr_line' id='line_1_1' title="bbox 0 0 384 226; baseline 0 2594"><span class='ocrx_word' id='word_1_1' title='bbox 0 0 384 226; x_wconf 95' lang='lat' dir='ltr'> </span> 
     </span>
    </p>
   </div>
   <div class='ocr_carea' id='block_1_2' title="bbox 445 173 1366 223">
    <p class='ocr_par' dir='ltr' id='par_1_2' title="bbox 445 173 1366 223">
     <span class='ocr_line' id='line_1_2' title="bbox 445 173 1366 223; baseline -0.008 0"><span class='ocrx_word' id='word_1_2' title='bbox 445 183 743 223; x_wconf 74' lang='lat' dir='ltr'><strong>SATIRARUM</strong></span> <span class='ocrx_word' id='word_1_3' title='bbox 760 182 859 220; x_wconf 78' lang='lat' dir='ltr'>Lm.</span> <span class='ocrx_word' id='word_1_4' title='bbox 876 183 927 220; x_wconf 92' lang='grc' dir='ltr'>Π.</span> <span class='ocrx_word' id='word_1_5' title='bbox 1286 173 1366 218; x_wconf 86' lang='grc'>151</span> 
     </span>
    </p>
   </div>
   <div class='ocr_carea' id='block_1_3' title="bbox 0 283 1442 2752">
    <p class='ocr_par' dir='ltr' id='par_1_3' title="bbox 0 283 1442 2752">
     <span class='ocr_line' id='line_1_3' title="bbox 0 283 1148 352; baseline -0.004 -16"><span class='ocrx_word' id='word_1_6' title='bbox 0 283 177 352; x_wconf 57' lang='lat' dir='ltr'>unguis:</span> <span class='ocrx_word' id='word_1_7' title='bbox 201 298 303 349; x_wconf 90' lang='lat' dir='ltr'>quot</span> <span class='ocrx_word' id='word_1_8' title='bbox 326 291 696 348; x_wconf 84' lang='lat' dir='ltr'>capitum-vivunt,</span> <span class='ocrx_word' id='word_1_9' title='bbox 721 289 893 332; x_wconf 85' lang='lat' dir='ltr'>totidem</span> <span class='ocrx_word' id='word_1_10' title='bbox 918 289 1148 332; x_wconf 87' lang='lat' dir='ltr'>studiorum</span> 
     </span>
     <span class='ocr_line' id='line_1_4' title="bbox 0 343 1012 412; baseline -0.006 -12"><span class='ocrx_word' id='word_1_11' title='bbox 0 343 152 407; x_wconf 55' lang='lat' dir='ltr'>affinia:</span> <span class='ocrx_word' id='word_1_12' title='bbox 175 370 242 399; x_wconf 91' lang='lat' dir='ltr'>me</span> <span class='ocrx_word' id='word_1_13' title='bbox 266 354 444 412; x_wconf 81' lang='lat' dir='ltr'>pedibus</span> <span class='ocrx_word' id='word_1_14' title='bbox 468 353 646 397; x_wconf 85' lang='lat' dir='ltr'>delectat</span> <span class='ocrx_word' id='word_1_15' title='bbox 669 352 860 396; x_wconf 86' lang='lat' dir='ltr'>claudere</span> <span class='ocrx_word' id='word_1_16' title='bbox 883 351 1012 396; x_wconf 86' lang='lat' dir='ltr'>verba</span> 
     </span>
     <span class='ocr_line' id='line_1_5' title="bbox 1 416 895 471; baseline -0.004 -9"><span class='ocrx_word' id='word_1_17' title='bbox 1 416 146 464; x_wconf 57' lang='lat' dir='ltr'>{zunili</span> <span class='ocrx_word' id='word_1_18' title='bbox 167 419 268 470; x_wconf 84' lang='lat' dir='ltr'>ritu,</span> <span class='ocrx_word' id='word_1_19' title='bbox 292 424 481 461; x_wconf 80' lang='lat' dir='ltr'>nostrum</span> <span class='ocrx_word' id='word_1_20' title='bbox 503 417 684 460; x_wconf 89' lang='lat' dir='ltr'>melioris</span> <span class='ocrx_word' id='word_1_21' title='bbox 708 422 895 471; x_wconf 89' lang='lat' dir='ltr'>utroque.</span> 
     </span>
     <span class='ocr_line' id='line_1_6' title="bbox 3 479 1440 527; baseline -0.006 -1"><span class='ocrx_word' id='word_1_22' title='bbox 3 482 75 527; x_wconf 82' lang='lat' dir='ltr'>ffle</span> <span class='ocrx_word' id='word_1_23' title='bbox 96 482 211 526; x_wconf 87' lang='lat' dir='ltr'>velut</span> <span class='ocrx_word' id='word_1_24' title='bbox 232 482 327 524; x_wconf 87' lang='lat' dir='ltr'>fidis</span> <span class='ocrx_word' id='word_1_25' title='bbox 351 495 503 524; x_wconf 84' lang='lat' dir='ltr'>arcana</span> <span class='ocrx_word' id='word_1_26' title='bbox 525 479 738 524; x_wconf 79' lang='lat' dir='ltr'>sodalibus</span> <span class='ocrx_word' id='word_1_27' title='bbox 763 479 863 522; x_wconf 89' lang='lat' dir='ltr'>olim</span> <span class='ocrx_word' id='word_1_28' title='bbox 1396 490 1440 523; x_wconf 88' lang='lat'>30</span> 
     </span>
     <span class='ocr_line' id='line_1_7' title="bbox 6 543 1127 600; baseline -0.006 -10"><span class='ocrx_word' id='word_1_29' title='bbox 6 545 200 591; x_wconf 59' lang='lat' dir='ltr'>‚ez-edebat</span> <span class='ocrx_word' id='word_1_30' title='bbox 221 544 359 596; x_wconf 89' lang='lat' dir='ltr'>libris,</span> <span class='ocrx_word' id='word_1_31' title='bbox 383 559 519 600; x_wconf 89' lang='lat' dir='ltr'>neque</span> <span class='ocrx_word' id='word_1_32' title='bbox 543 544 580 587; x_wconf 87' lang='lat' dir='ltr'>si</span> <span class='ocrx_word' id='word_1_33' title='bbox 602 543 710 585; x_wconf 85' lang='lat' dir='ltr'>male</span> <span class='ocrx_word' id='word_1_34' title='bbox 736 547 918 586; x_wconf 81' lang='lat' dir='ltr'>cesserat</span> <span class='ocrx_word' id='word_1_35' title='bbox 941 556 1127 597; x_wconf 83' lang='lat' dir='ltr'>unquam</span> 
     </span>
     <span class='ocr_line' id='line_1_8' title="bbox 6 605 1126 664; baseline -0.006 -11"><span class='ocrx_word' id='word_1_36' title='bbox 6 607 226 654; x_wconf 74' lang='lat' dir='ltr'>&#39;decurrens</span> <span class='ocrx_word' id='word_1_37' title='bbox 251 607 351 659; x_wconf 81' lang='lat' dir='ltr'>alio,</span> <span class='ocrx_word' id='word_1_38' title='bbox 375 622 511 664; x_wconf 89' lang='lat' dir='ltr'>neque</span> <span class='ocrx_word' id='word_1_39' title='bbox 535 607 571 650; x_wconf 91' lang='lat' dir='ltr'>si</span> <span class='ocrx_word' id='word_1_40' title='bbox 595 606 719 658; x_wconf 84' lang='lat' dir='ltr'>bene3</span> <span class='ocrx_word' id='word_1_41' title='bbox 745 621 827 661; x_wconf 93' lang='lat' dir='ltr'>quo</span> <span class='ocrx_word' id='word_1_42' title='bbox 851 605 898 647; x_wconf 91' lang='lat' dir='ltr'>fit</span> <span class='ocrx_word' id='word_1_43' title='bbox 921 613 968 647; x_wconf 89' lang='lat' dir='ltr'>ut</span> <span class='ocrx_word' id='word_1_44' title='bbox 992 606 1126 648; x_wconf 84' lang='lat' dir='ltr'>omnis</span> 
     </span>
     <span class='ocr_line' id='line_1_9' title="bbox 0 669 866 728; baseline -0.006 -12"><span class='ocrx_word' id='word_1_45' title='bbox 0 672 144 717; x_wconf 58' lang='lat' dir='ltr'>»votiva</span> <span class='ocrx_word' id='word_1_46' title='bbox 166 677 306 728; x_wconf 86' lang='lat' dir='ltr'>pateat</span> <span class='ocrx_word' id='word_1_47' title='bbox 330 671 458 713; x_wconf 91' lang='lat' dir='ltr'>veluti</span> <span class='ocrx_word' id='word_1_48' title='bbox 481 670 689 726; x_wconf 83' lang='lat' dir='ltr'>descripta</span> <span class='ocrx_word' id='word_1_49' title='bbox 712 669 866 712; x_wconf 86' lang='lat' dir='ltr'>tabella</span> 
     </span>
     <span class='ocr_line' id='line_1_10' title="bbox 0 731 1244 789; baseline -0.003 -11"><span class='ocrx_word' id='word_1_50' title='bbox 0 734 92 779; x_wconf 60' lang='lat' dir='ltr'>»vita</span> <span class='ocrx_word' id='word_1_51' title='bbox 114 734 238 777; x_wconf 88' lang='lat' dir='ltr'>senis.</span> <span class='ocrx_word' id='word_1_52' title='bbox 265 749 417 789; x_wconf 88' lang='lat' dir='ltr'>sequor</span> <span class='ocrx_word' id='word_1_53' title='bbox 438 733 550 776; x_wconf 90' lang='lat' dir='ltr'>hunc</span> <span class='ocrx_word' id='word_1_54' title='bbox 572 733 775 776; x_wconf 89' lang='lat' dir='ltr'>Lucanus</span> <span class='ocrx_word' id='word_1_55' title='bbox 801 748 854 774; x_wconf 90' lang='lat' dir='ltr'>an</span> <span class='ocrx_word' id='word_1_56' title='bbox 878 731 1046 788; x_wconf 82' lang='lat' dir='ltr'><strong>Apulus</strong></span> <span class='ocrx_word' id='word_1_57' title='bbox 1073 747 1244 788; x_wconf 81' lang='lat' dir='ltr'>anceps:</span> 
     </span>
     <span class='ocr_line' id='line_1_11' title="bbox 0 795 1440 853; baseline -0.001 -12"><span class='ocrx_word' id='word_1_58' title='bbox 0 812 103 853; x_wconf 64' lang='lat' dir='ltr'>:nam</span> <span class='ocrx_word' id='word_1_59' title='bbox 124 797 366 841; x_wconf 87' lang='lat' dir='ltr'>Venusinus</span> <span class='ocrx_word' id='word_1_60' title='bbox 392 804 481 839; x_wconf 87' lang='lat' dir='ltr'>arat</span> <span class='ocrx_word' id='word_1_61' title='bbox 503 796 629 839; x_wconf 89' lang='lat' dir='ltr'>finem</span> <span class='ocrx_word' id='word_1_62' title='bbox 655 795 732 838; x_wconf 91' lang='lat' dir='ltr'>sub</span> <span class='ocrx_word' id='word_1_63' title='bbox 757 802 978 850; x_wconf 91' lang='lat' dir='ltr'>utrumque</span> <span class='ocrx_word' id='word_1_64' title='bbox 1004 795 1188 847; x_wconf 88' lang='lat' dir='ltr'>colonus,</span> <span class='ocrx_word' id='word_1_65' title='bbox 1397 807 1440 840; x_wconf 83' lang='lat'>35</span> 
     </span>
     <span class='ocr_line' id='line_1_12' title="bbox 0 857 1198 917; baseline -0.003 -12"><span class='ocrx_word' id='word_1_66' title='bbox 0 861 160 905; x_wconf 73' lang='lat' dir='ltr'>missus</span> <span class='ocrx_word' id='word_1_67' title='bbox 185 861 239 903; x_wconf 82' lang='lat' dir='ltr'>ad</span> <span class='ocrx_word' id='word_1_68' title='bbox 261 861 341 903; x_wconf 92' lang='lat' dir='ltr'>hoc</span> <span class='ocrx_word' id='word_1_69' title='bbox 364 860 516 917; x_wconf 88' lang='lat' dir='ltr'>pulsis,</span> <span class='ocrx_word' id='word_1_70' title='bbox 542 866 662 902; x_wconf 89' lang='lat' dir='ltr'>vetus</span> <span class='ocrx_word' id='word_1_71' title='bbox 688 866 752 902; x_wconf 91' lang='lat' dir='ltr'>est</span> <span class='ocrx_word' id='word_1_72' title='bbox 775 865 822 901; x_wconf 90' lang='lat' dir='ltr'>ut</span> <span class='ocrx_word' id='word_1_73' title='bbox 845 859 976 910; x_wconf 85' lang='lat' dir='ltr'>fama,</span> <span class='ocrx_word' id='word_1_74' title='bbox 1005 857 1198 911; x_wconf 85' lang='lat' dir='ltr'>Sabellis,</span> 
     </span>
     <span class='ocr_line' id='line_1_13' title="bbox 0 922 1097 981; baseline -0.001 -16"><span class='ocrx_word' id='word_1_75' title='bbox 0 939 88 981; x_wconf 81' lang='lat' dir='ltr'>:quo</span> <span class='ocrx_word' id='word_1_76' title='bbox 110 939 163 967; x_wconf 90' lang='lat' dir='ltr'>ne</span> <span class='ocrx_word' id='word_1_77' title='bbox 186 939 262 980; x_wconf 87' lang='lat' dir='ltr'>per</span> <span class='ocrx_word' id='word_1_78' title='bbox 284 938 464 966; x_wconf 79' lang='lat' dir='ltr'>vacuum</span> <span class='ocrx_word' id='word_1_79' title='bbox 486 923 678 967; x_wconf 85' lang='lat' dir='ltr'>Romano</span> <span class='ocrx_word' id='word_1_80' title='bbox 702 923 928 965; x_wconf 82' lang='lat' dir='ltr'>incurreret</span> <span class='ocrx_word' id='word_1_81' title='bbox 951 922 1097 973; x_wconf 88' lang='lat' dir='ltr'>hostis,</span> 
     </span>
     <span class='ocr_line' id='line_1_14' title="bbox 0 985 1156 1044; baseline -0.003 -13"><span class='ocrx_word' id='word_1_82' title='bbox 0 987 95 1031; x_wconf 69' lang='lat' dir='ltr'>*sive</span> <span class='ocrx_word' id='word_1_83' title='bbox 118 987 232 1043; x_wconf 86' lang='lat' dir='ltr'>quod</span> <span class='ocrx_word' id='word_1_84' title='bbox 253 985 398 1043; x_wconf 82' lang='lat' dir='ltr'>Apula</span> <span class='ocrx_word' id='word_1_85' title='bbox 420 1001 525 1044; x_wconf 86' lang='lat' dir='ltr'>gens</span> <span class='ocrx_word' id='word_1_86' title='bbox 551 1001 627 1029; x_wconf 90' lang='lat' dir='ltr'>seu</span> <span class='ocrx_word' id='word_1_87' title='bbox 649 986 762 1041; x_wconf 92' lang='lat' dir='ltr'>quod</span> <span class='ocrx_word' id='word_1_88' title='bbox 785 985 978 1028; x_wconf 86' lang='lat' dir='ltr'>Lucania</span> <span class='ocrx_word' id='word_1_89' title='bbox 1000 985 1156 1028; x_wconf 84' lang='lat' dir='ltr'>bellum</span> 
     </span>
     <span class='ocr_line' id='line_1_15' title="bbox 0 1048 1163 1105; baseline -0.001 -12"><span class='ocrx_word' id='word_1_90' title='bbox 0 1050 207 1094; x_wconf 70' lang='lat' dir='ltr'>‚incuteret</span> <span class='ocrx_word' id='word_1_91' title='bbox 228 1049 422 1092; x_wconf 87' lang='lat' dir='ltr'>violenta.</span> <span class='ocrx_word' id='word_1_92' title='bbox 448 1049 523 1092; x_wconf 90' lang='lat' dir='ltr'>sed</span> <span class='ocrx_word' id='word_1_93' title='bbox 545 1049 614 1091; x_wconf 91' lang='lat' dir='ltr'>hic</span> <span class='ocrx_word' id='word_1_94' title='bbox 639 1048 758 1091; x_wconf 86' lang='lat' dir='ltr'>stilus</span> <span class='ocrx_word' id='word_1_95' title='bbox 781 1048 895 1091; x_wconf 86' lang='lat' dir='ltr'>haud</span> <span class='ocrx_word' id='word_1_96' title='bbox 918 1055 1032 1105; x_wconf 90' lang='lat' dir='ltr'>petet</span> <span class='ocrx_word' id='word_1_97' title='bbox 1054 1049 1163 1092; x_wconf 88' lang='lat' dir='ltr'>ultro</span> 
     </span>
     <span class='ocr_line' id='line_1_16' title="bbox 0 1112 1442 1171; baseline 0.001 -15"><span class='ocrx_word' id='word_1_98' title='bbox 0 1127 256 1171; x_wconf 57' lang='lat' dir='ltr'>‘quemquam</span> <span class='ocrx_word' id='word_1_99' title='bbox 279 1113 549 1164; x_wconf 83' lang='lat' dir='ltr'>animantem,</span> <span class='ocrx_word' id='word_1_100' title='bbox 575 1118 617 1155; x_wconf 89' lang='lat' dir='ltr'>et</span> <span class='ocrx_word' id='word_1_101' title='bbox 639 1127 707 1155; x_wconf 91' lang='lat' dir='ltr'>me</span> <span class='ocrx_word' id='word_1_102' title='bbox 731 1112 859 1154; x_wconf 90' lang='lat' dir='ltr'>veluti</span> <span class='ocrx_word' id='word_1_103' title='bbox 883 1113 1088 1155; x_wconf 82' lang='lat' dir='ltr'>custodiet</span> <span class='ocrx_word' id='word_1_104' title='bbox 1112 1113 1223 1156; x_wconf 89' lang='lat' dir='ltr'>ensis</span> <span class='ocrx_word' id='word_1_105' title='bbox 1397 1126 1442 1157; x_wconf 86' lang='lat'>40</span> 
     </span>
     <span class='ocr_line' id='line_1_17' title="bbox 0 1177 1009 1234; baseline -0.001 -14"><span class='ocrx_word' id='word_1_106' title='bbox 0 1177 157 1234; x_wconf 80' lang='lat' dir='ltr'>=vagina</span> <span class='ocrx_word' id='word_1_107' title='bbox 179 1183 333 1220; x_wconf 85' lang='lat' dir='ltr'>tectus:</span> <span class='ocrx_word' id='word_1_108' title='bbox 358 1191 483 1232; x_wconf 92' lang='lat' dir='ltr'>quem</span> <span class='ocrx_word' id='word_1_109' title='bbox 507 1191 581 1220; x_wconf 89' lang='lat' dir='ltr'>cur</span> <span class='ocrx_word' id='word_1_110' title='bbox 603 1177 859 1234; x_wconf 85' lang='lat' dir='ltr'>destringere</span> <span class='ocrx_word' id='word_1_111' title='bbox 884 1191 1009 1220; x_wconf 88' lang='lat' dir='ltr'>coner</span> 
     </span>
     <span class='ocr_line' id='line_1_18' title="bbox 0 1237 1008 1296; baseline -0.001 -13"><span class='ocrx_word' id='word_1_112' title='bbox 0 1237 116 1283; x_wconf 62' lang='lat' dir='ltr'>tutus</span> <span class='ocrx_word' id='word_1_113' title='bbox 140 1239 193 1283; x_wconf 87' lang='lat' dir='ltr'>ab</span> <span class='ocrx_word' id='word_1_114' title='bbox 217 1239 380 1283; x_wconf 85' lang='lat' dir='ltr'>infestis</span> <span class='ocrx_word' id='word_1_115' title='bbox 403 1239 658 1283; x_wconf 83' lang='lat' dir='ltr'>latronibus?</span> <span class='ocrx_word' id='word_1_116' title='bbox 681 1255 705 1283; x_wconf 95' lang='lat' dir='ltr'>o</span> <span class='ocrx_word' id='word_1_117' title='bbox 727 1246 847 1296; x_wconf 87' lang='lat' dir='ltr'>pater</span> <span class='ocrx_word' id='word_1_118' title='bbox 870 1246 911 1282; x_wconf 87' lang='lat' dir='ltr'>et</span> <span class='ocrx_word' id='word_1_119' title='bbox 933 1255 1008 1283; x_wconf 82' lang='lat' dir='ltr'>rex</span> 
     </span>
     <span class='ocr_line' id='line_1_19' title="bbox 0 1301 1027 1360; baseline 0.001 -15"><span class='ocrx_word' id='word_1_120' title='bbox 0 1301 205 1360; x_wconf 66' lang='lat' dir='ltr'>stuppiter,</span> <span class='ocrx_word' id='word_1_121' title='bbox 230 1310 278 1345; x_wconf 92' lang='lat' dir='ltr'>ut</span> <span class='ocrx_word' id='word_1_122' title='bbox 299 1310 442 1360; x_wconf 87' lang='lat' dir='ltr'>pereat</span> <span class='ocrx_word' id='word_1_123' title='bbox 463 1303 648 1360; x_wconf 84' lang='lat' dir='ltr'>positum</span> <span class='ocrx_word' id='word_1_124' title='bbox 671 1303 862 1360; x_wconf 85' lang='lat' dir='ltr'>robigine</span> <span class='ocrx_word' id='word_1_125' title='bbox 886 1304 1027 1355; x_wconf 88' lang='lat' dir='ltr'>telum,</span> 
     </span>
     <span class='ocr_line' id='line_1_20' title="bbox 1 1366 1131 1423; baseline 0.002 -15"><span class='ocrx_word' id='word_1_126' title='bbox 1 1380 79 1409; x_wconf 83' lang='lat' dir='ltr'>nec</span> <span class='ocrx_word' id='word_1_127' title='bbox 102 1366 324 1422; x_wconf 86' lang='lat' dir='ltr'>quisquam</span> <span class='ocrx_word' id='word_1_128' title='bbox 347 1373 496 1410; x_wconf 84' lang='lat' dir='ltr'>noceat</span> <span class='ocrx_word' id='word_1_129' title='bbox 520 1367 671 1423; x_wconf 89' lang='lat' dir='ltr'>cupido</span> <span class='ocrx_word' id='word_1_130' title='bbox 697 1367 799 1409; x_wconf 88' lang='lat' dir='ltr'>mihi</span> <span class='ocrx_word' id='word_1_131' title='bbox 821 1366 957 1423; x_wconf 81' lang='lat' dir='ltr'>pacis!</span> <span class='ocrx_word' id='word_1_132' title='bbox 983 1374 1026 1409; x_wconf 90' lang='lat' dir='ltr'>at</span> <span class='ocrx_word' id='word_1_133' title='bbox 1048 1367 1131 1418; x_wconf 90' lang='lat' dir='ltr'>ille,</span> 
     </span>
     <span class='ocr_line' id='line_1_21' title="bbox 4 1428 1439 1488; baseline 0.003 -16"><span class='ocrx_word' id='word_1_134' title='bbox 4 1428 75 1485; x_wconf 78' lang='lat' dir='ltr'>qui</span> <span class='ocrx_word' id='word_1_135' title='bbox 96 1444 164 1472; x_wconf 89' lang='lat' dir='ltr'>me</span> <span class='ocrx_word' id='word_1_136' title='bbox 188 1430 404 1472; x_wconf 86' lang='lat' dir='ltr'>commorit</span> <span class='ocrx_word' id='word_1_137' title='bbox 426 1455 482 1461; x_wconf 90' lang='grc'>--</span> <span class='ocrx_word' id='word_1_138' title='bbox 506 1430 655 1473; x_wconf 90' lang='lat' dir='ltr'>melius</span> <span class='ocrx_word' id='word_1_139' title='bbox 679 1445 765 1472; x_wconf 88' lang='lat' dir='ltr'>non</span> <span class='ocrx_word' id='word_1_140' title='bbox 788 1430 977 1488; x_wconf 81' lang='lat' dir='ltr'>tangere!</span> <span class='ocrx_word' id='word_1_141' title='bbox 1004 1431 1138 1474; x_wconf 87' lang='lat' dir='ltr'>clamo</span> <span class='ocrx_word' id='word_1_142' title='bbox 1163 1456 1217 1461; x_wconf 94' lang='lat'>—</span> <span class='ocrx_word' id='word_1_143' title='bbox 1395 1445 1439 1476; x_wconf 84' lang='lat'>45</span> 
     </span>
     <span class='ocr_line' id='line_1_22' title="bbox 0 1490 889 1551; baseline 0.002 -17"><span class='ocrx_word' id='word_1_144' title='bbox 0 1490 117 1551; x_wconf 48' lang='lat' dir='ltr'>tflebit</span> <span class='ocrx_word' id='word_1_145' title='bbox 140 1498 182 1535; x_wconf 86' lang='lat' dir='ltr'>et</span> <span class='ocrx_word' id='word_1_146' title='bbox 202 1492 379 1550; x_wconf 85' lang='lat' dir='ltr'>insignis</span> <span class='ocrx_word' id='word_1_147' title='bbox 404 1499 491 1536; x_wconf 86' lang='lat' dir='ltr'>tota</span> <span class='ocrx_word' id='word_1_148' title='bbox 515 1493 750 1536; x_wconf 85' lang='lat' dir='ltr'>cantabitur</span> <span class='ocrx_word' id='word_1_149' title='bbox 772 1494 889 1537; x_wconf 91' lang='lat' dir='ltr'>urbe.</span> 
     </span>
     <span class='ocr_line' id='line_1_23' title="bbox 0 1553 965 1614; baseline 0.002 -16"><span class='ocrx_word' id='word_1_150' title='bbox 0 1553 180 1599; x_wconf 84' lang='lat' dir='ltr'>Cervius</span> <span class='ocrx_word' id='word_1_151' title='bbox 204 1556 333 1599; x_wconf 88' lang='lat' dir='ltr'>iratus</span> <span class='ocrx_word' id='word_1_152' title='bbox 357 1556 473 1614; x_wconf 85' lang='lat' dir='ltr'>leges</span> <span class='ocrx_word' id='word_1_153' title='bbox 498 1557 711 1600; x_wconf 81' lang='lat' dir='ltr'>minitatur</span> <span class='ocrx_word' id='word_1_154' title='bbox 735 1563 775 1600; x_wconf 92' lang='lat' dir='ltr'>et</span> <span class='ocrx_word' id='word_1_155' title='bbox 800 1572 965 1609; x_wconf 85' lang='lat' dir='ltr'>urnam3</span> 
     </span>
     <span class='ocr_line' id='line_1_24' title="bbox 6 1615 1057 1676; baseline 0.001 -13"><span class='ocrx_word' id='word_1_156' title='bbox 6 1615 181 1663; x_wconf 79' lang='lat' dir='ltr'>Canidia</span> <span class='ocrx_word' id='word_1_157' title='bbox 202 1618 352 1663; x_wconf 84' lang='lat' dir='ltr'>Albuti</span> <span class='ocrx_word' id='word_1_158' title='bbox 376 1620 527 1676; x_wconf 89' lang='lat' dir='ltr'>quibus</span> <span class='ocrx_word' id='word_1_159' title='bbox 553 1627 617 1663; x_wconf 90' lang='lat' dir='ltr'>est</span> <span class='ocrx_word' id='word_1_160' title='bbox 639 1621 808 1663; x_wconf 89' lang='lat' dir='ltr'>inimica</span> <span class='ocrx_word' id='word_1_161' title='bbox 830 1636 1057 1673; x_wconf 86' lang='lat' dir='ltr'>venenum3</span> 
     </span>
     <span class='ocr_line' id='line_1_25' title="bbox 3 1683 1124 1741; baseline 0.003 -16"><span class='ocrx_word' id='word_1_162' title='bbox 3 1683 159 1741; x_wconf 82' lang='lat' dir='ltr'>grande</span> <span class='ocrx_word' id='word_1_163' title='bbox 181 1683 339 1726; x_wconf 87' lang='lat' dir='ltr'>malum</span> <span class='ocrx_word' id='word_1_164' title='bbox 363 1683 536 1735; x_wconf 87' lang='lat' dir='ltr'>Turius,</span> <span class='ocrx_word' id='word_1_165' title='bbox 563 1684 599 1726; x_wconf 93' lang='lat' dir='ltr'>si</span> <span class='ocrx_word' id='word_1_166' title='bbox 623 1684 724 1740; x_wconf 90' lang='lat' dir='ltr'>quid</span> <span class='ocrx_word' id='word_1_167' title='bbox 749 1700 794 1727; x_wconf 87' lang='lat' dir='ltr'>se</span> <span class='ocrx_word' id='word_1_168' title='bbox 817 1685 954 1728; x_wconf 90' lang='lat' dir='ltr'>iudice</span> <span class='ocrx_word' id='word_1_169' title='bbox 980 1691 1124 1728; x_wconf 84' lang='lat' dir='ltr'>certes.</span> 
     </span>
     <span class='ocr_line' id='line_1_26' title="bbox 3 1746 1439 1804; baseline 0.003 -16"><span class='ocrx_word' id='word_1_170' title='bbox 3 1746 50 1789; x_wconf 78' lang='lat' dir='ltr'>ut</span> <span class='ocrx_word' id='word_1_171' title='bbox 70 1760 153 1802; x_wconf 89' lang='lat' dir='ltr'>quo</span> <span class='ocrx_word' id='word_1_172' title='bbox 177 1746 352 1802; x_wconf 90' lang='lat' dir='ltr'>quisque</span> <span class='ocrx_word' id='word_1_173' title='bbox 376 1747 487 1789; x_wconf 87' lang='lat' dir='ltr'>valet</span> <span class='ocrx_word' id='word_1_174' title='bbox 512 1754 727 1804; x_wconf 89' lang='lat' dir='ltr'>suspectos</span> <span class='ocrx_word' id='word_1_175' title='bbox 753 1755 921 1799; x_wconf 89' lang='lat' dir='ltr'>terreat,</span> <span class='ocrx_word' id='word_1_176' title='bbox 946 1755 1075 1803; x_wconf 88' lang='lat' dir='ltr'>utque</span> <span class='ocrx_word' id='word_1_177' title='bbox 1396 1762 1439 1793; x_wconf 82' lang='lat'>50</span> 
     </span>
     <span class='ocr_line' id='line_1_27' title="bbox 3 1804 1101 1868; baseline 0.003 -17"><span class='ocrx_word' id='word_1_178' title='bbox 3 1804 175 1866; x_wconf 77' lang='lat' dir='ltr'>imperet</span> <span class='ocrx_word' id='word_1_179' title='bbox 198 1809 278 1852; x_wconf 92' lang='lat' dir='ltr'>hoc</span> <span class='ocrx_word' id='word_1_180' title='bbox 299 1816 448 1852; x_wconf 82' lang='lat' dir='ltr'>natura</span> <span class='ocrx_word' id='word_1_181' title='bbox 471 1817 638 1866; x_wconf 89' lang='lat' dir='ltr'>potens,</span> <span class='ocrx_word' id='word_1_182' title='bbox 666 1811 726 1853; x_wconf 91' lang='lat' dir='ltr'>sic</span> <span class='ocrx_word' id='word_1_183' title='bbox 750 1811 899 1868; x_wconf 86' lang='lat' dir='ltr'>collige</span> <span class='ocrx_word' id='word_1_184' title='bbox 924 1826 1101 1854; x_wconf 90' lang='lat' dir='ltr'>mecum.</span> 
     </span>
     <span class='ocr_line' id='line_1_28' title="bbox 4 1869 1135 1929; baseline 0.003 -15"><span class='ocrx_word' id='word_1_185' title='bbox 4 1869 125 1915; x_wconf 78' lang='lat' dir='ltr'>dente</span> <span class='ocrx_word' id='word_1_186' title='bbox 147 1872 291 1928; x_wconf 89' lang='lat' dir='ltr'>lupus,</span> <span class='ocrx_word' id='word_1_187' title='bbox 318 1887 446 1916; x_wconf 90' lang='lat' dir='ltr'>cornu</span> <span class='ocrx_word' id='word_1_188' title='bbox 470 1879 612 1916; x_wconf 87' lang='lat' dir='ltr'>taurus</span> <span class='ocrx_word' id='word_1_189' title='bbox 636 1874 740 1929; x_wconf 89' lang='lat' dir='ltr'>petit</span> <span class='ocrx_word' id='word_1_190' title='bbox 747 1890 759 1925; x_wconf 82' lang='lat'><em>3</em></span> <span class='ocrx_word' id='word_1_191' title='bbox 784 1875 896 1916; x_wconf 86' lang='lat' dir='ltr'>unde</span> <span class='ocrx_word' id='word_1_192' title='bbox 920 1875 1001 1916; x_wconf 90' lang='lat' dir='ltr'>nisi</span> <span class='ocrx_word' id='word_1_193' title='bbox 1023 1875 1135 1917; x_wconf 92' lang='lat' dir='ltr'>intus</span> 
     </span>
     <span class='ocr_line' id='line_1_29' title="bbox 3 1934 1042 1993; baseline 0.002 -16"><span class='ocrx_word' id='word_1_194' title='bbox 3 1935 301 1978; x_wconf 77' lang='lat' dir='ltr'>monstratum?</span> <span class='ocrx_word' id='word_1_195' title='bbox 327 1934 513 1979; x_wconf 86' lang='lat' dir='ltr'>Scaevae</span> <span class='ocrx_word' id='word_1_196' title='bbox 538 1937 727 1979; x_wconf 87' lang='lat' dir='ltr'>vivacem</span> <span class='ocrx_word' id='word_1_197' title='bbox 754 1938 876 1979; x_wconf 86' lang='lat' dir='ltr'>crede</span> <span class='ocrx_word' id='word_1_198' title='bbox 899 1938 1042 1993; x_wconf 85' lang='lat' dir='ltr'>nepoti</span> 
     </span>
     <span class='ocr_line' id='line_1_30' title="bbox 2 1998 1112 2055; baseline 0.002 -15"><span class='ocrx_word' id='word_1_199' title='bbox 2 2004 193 2040; x_wconf 80' lang='lat' dir='ltr'>matrem:</span> <span class='ocrx_word' id='word_1_200' title='bbox 217 1998 276 2040; x_wconf 86' lang='lat' dir='ltr'>nil</span> <span class='ocrx_word' id='word_1_201' title='bbox 299 1998 424 2041; x_wconf 87' lang='lat' dir='ltr'>faciet</span> <span class='ocrx_word' id='word_1_202' title='bbox 449 1999 614 2042; x_wconf 89' lang='lat' dir='ltr'>sceleris</span> <span class='ocrx_word' id='word_1_203' title='bbox 638 2000 709 2055; x_wconf 90' lang='lat' dir='ltr'>pia</span> <span class='ocrx_word' id='word_1_204' title='bbox 732 2000 919 2042; x_wconf 83' lang='lat' dir='ltr'>dextera:</span> <span class='ocrx_word' id='word_1_205' title='bbox 945 2000 1112 2042; x_wconf 77' lang='lat' dir='ltr'>mirum!</span> 
     </span>
     <span class='ocr_line' id='line_1_31' title="bbox 3 2061 1436 2121; baseline 0.004 -18"><span class='ocrx_word' id='word_1_206' title='bbox 3 2066 49 2104; x_wconf 83' lang='lat' dir='ltr'>ut</span> <span class='ocrx_word' id='word_1_207' title='bbox 69 2076 203 2117; x_wconf 90' lang='lat' dir='ltr'>neque</span> <span class='ocrx_word' id='word_1_208' title='bbox 222 2061 335 2104; x_wconf 85' lang='lat' dir='ltr'>calce</span> <span class='ocrx_word' id='word_1_209' title='bbox 352 2062 476 2119; x_wconf 89' lang='lat' dir='ltr'>lupus</span> <span class='ocrx_word' id='word_1_210' title='bbox 497 2077 749 2118; x_wconf 84' lang='lat' dir='ltr'>quemquam</span> <span class='ocrx_word' id='word_1_211' title='bbox 766 2079 902 2119; x_wconf 88' lang='lat' dir='ltr'>neque</span> <span class='ocrx_word' id='word_1_212' title='bbox 927 2065 1050 2107; x_wconf 89' lang='lat' dir='ltr'>dente</span> <span class='ocrx_word' id='word_1_213' title='bbox 1074 2064 1178 2121; x_wconf 87' lang='lat' dir='ltr'>petit</span> <span class='ocrx_word' id='word_1_214' title='bbox 1202 2064 1299 2117; x_wconf 85' lang='lat' dir='ltr'>b0s;</span> <span class='ocrx_word' id='word_1_215' title='bbox 1312 2091 1367 2097; x_wconf 91' lang='lat'>—</span> <span class='ocrx_word' id='word_1_216' title='bbox 1394 2078 1436 2110; x_wconf 88' lang='lat'>55</span> 
     </span>
     <span class='ocr_line' id='line_1_32' title="bbox 4 2123 980 2170; baseline 0.004 -4"><span class='ocrx_word' id='word_1_217' title='bbox 4 2123 78 2166; x_wconf 70' lang='lat' dir='ltr'>ned</span> <span class='ocrx_word' id='word_1_218' title='bbox 98 2124 209 2167; x_wconf 82' lang='lat' dir='ltr'>mala</span> <span class='ocrx_word' id='word_1_219' title='bbox 232 2124 346 2167; x_wconf 88' lang='lat' dir='ltr'>tollet</span> <span class='ocrx_word' id='word_1_220' title='bbox 370 2140 497 2167; x_wconf 90' lang='lat' dir='ltr'>anum</span> <span class='ocrx_word' id='word_1_221' title='bbox 520 2126 663 2169; x_wconf 87' lang='lat' dir='ltr'>vitiato</span> <span class='ocrx_word' id='word_1_222' title='bbox 687 2127 808 2169; x_wconf 90' lang='lat' dir='ltr'>melle</span> <span class='ocrx_word' id='word_1_223' title='bbox 834 2127 980 2170; x_wconf 81' lang='lat' dir='ltr'>cicuta.</span> 
     </span>
     <span class='ocr_line' id='line_1_33' title="bbox 3 2186 1094 2245; baseline 0.005 -16"><span class='ocrx_word' id='word_1_224' title='bbox 3 2196 54 2230; x_wconf 84' lang='lat' dir='ltr'>ne</span> <span class='ocrx_word' id='word_1_225' title='bbox 75 2186 248 2244; x_wconf 88' lang='lat' dir='ltr'>longum</span> <span class='ocrx_word' id='word_1_226' title='bbox 271 2187 441 2230; x_wconf 83' lang='lat' dir='ltr'>faciam:</span> <span class='ocrx_word' id='word_1_227' title='bbox 468 2203 543 2231; x_wconf 90' lang='lat' dir='ltr'>seu</span> <span class='ocrx_word' id='word_1_228' title='bbox 565 2204 633 2232; x_wconf 91' lang='lat' dir='ltr'>me</span> <span class='ocrx_word' id='word_1_229' title='bbox 656 2191 877 2245; x_wconf 84' lang='lat' dir='ltr'>tranquilla</span> <span class='ocrx_word' id='word_1_230' title='bbox 902 2197 1094 2234; x_wconf 87' lang='lat' dir='ltr'>senectus</span> 
     </span>
     <span class='ocr_line' id='line_1_34' title="bbox 3 2252 1007 2306; baseline 0.005 -14"><span class='ocrx_word' id='word_1_231' title='bbox 3 2257 232 2306; x_wconf 63' lang='lat' dir='ltr'>exspectat,</span> <span class='ocrx_word' id='word_1_232' title='bbox 259 2265 334 2293; x_wconf 90' lang='lat' dir='ltr'>seu</span> <span class='ocrx_word' id='word_1_233' title='bbox 356 2266 467 2294; x_wconf 90' lang='lat' dir='ltr'>mors</span> <span class='ocrx_word' id='word_1_234' title='bbox 493 2252 591 2295; x_wconf 87' lang='lat' dir='ltr'>atris</span> <span class='ocrx_word' id='word_1_235' title='bbox 617 2253 887 2296; x_wconf 82' lang='lat' dir='ltr'>circumvolat</span> <span class='ocrx_word' id='word_1_236' title='bbox 910 2255 1007 2306; x_wconf 88' lang='lat' dir='ltr'>alis;</span> 
     </span>
     <span class='ocr_line' id='line_1_35' title="bbox 3 2310 1102 2370; baseline 0.004 -15"><span class='ocrx_word' id='word_1_237' title='bbox 3 2310 137 2364; x_wconf 76' lang='lat' dir='ltr'>dives,</span> <span class='ocrx_word' id='word_1_238' title='bbox 161 2313 300 2370; x_wconf 88' lang='lat' dir='ltr'>inops,</span> <span class='ocrx_word' id='word_1_239' title='bbox 325 2313 487 2357; x_wconf 84' lang='lat' dir='ltr'>Romae</span> <span class='ocrx_word' id='word_1_240' title='bbox 512 2330 588 2358; x_wconf 89' lang='lat' dir='ltr'>seu</span> <span class='ocrx_word' id='word_1_241' title='bbox 610 2315 696 2359; x_wconf 89' lang='lat' dir='ltr'>fors</span> <span class='ocrx_word' id='word_1_242' title='bbox 720 2316 778 2359; x_wconf 88' lang='lat' dir='ltr'>ita</span> <span class='ocrx_word' id='word_1_243' title='bbox 801 2317 946 2360; x_wconf 89' lang='lat' dir='ltr'>luserit</span> <span class='ocrx_word' id='word_1_244' title='bbox 970 2318 1102 2369; x_wconf 87' lang='lat' dir='ltr'>exsul,</span> 
     </span>
     <span class='ocr_line' id='line_1_36' title="bbox 3 2375 1435 2437; baseline 0.006 -19"><span class='ocrx_word' id='word_1_245' title='bbox 3 2375 188 2433; x_wconf 68' lang='lat' dir='ltr'>quisquis</span> <span class='ocrx_word' id='word_1_246' title='bbox 213 2376 289 2418; x_wconf 87' lang='lat' dir='ltr'>erit</span> <span class='ocrx_word' id='word_1_247' title='bbox 312 2377 422 2420; x_wconf 84' lang='lat' dir='ltr'>vitae</span> <span class='ocrx_word' id='word_1_248' title='bbox 447 2378 625 2421; x_wconf 89' lang='lat' dir='ltr'>scribam</span> <span class='ocrx_word' id='word_1_249' title='bbox 649 2379 774 2423; x_wconf 90' lang='lat' dir='ltr'>color.</span> <span class='ocrx_word' id='word_1_250' title='bbox 800 2406 855 2412; x_wconf 90' lang='lat'>—</span> <span class='ocrx_word' id='word_1_251' title='bbox 881 2396 906 2423; x_wconf 95' lang='lat' dir='ltr'>o</span> <span class='ocrx_word' id='word_1_252' title='bbox 928 2396 1032 2437; x_wconf 87' lang='lat' dir='ltr'>puer</span> <span class='ocrx_word' id='word_1_253' title='bbox 1055 2387 1101 2423; x_wconf 93' lang='lat' dir='ltr'>ut</span> <span class='ocrx_word' id='word_1_254' title='bbox 1126 2381 1183 2423; x_wconf 90' lang='lat' dir='ltr'>sis</span> <span class='ocrx_word' id='word_1_255' title='bbox 1393 2394 1435 2427; x_wconf 91' lang='lat'>60</span> 
     </span>
     <span class='ocr_line' id='line_1_37' title="bbox 2 2435 988 2499; baseline 0.005 -18"><span class='ocrx_word' id='word_1_256' title='bbox 2 2435 137 2490; x_wconf 49' lang='lat' dir='ltr'>§italis</span> <span class='ocrx_word' id='word_1_257' title='bbox 161 2447 319 2490; x_wconf 87' lang='lat' dir='ltr'>metuo,</span> <span class='ocrx_word' id='word_1_258' title='bbox 345 2447 386 2483; x_wconf 87' lang='lat' dir='ltr'>et</span> <span class='ocrx_word' id='word_1_259' title='bbox 408 2441 610 2485; x_wconf 87' lang='lat' dir='ltr'>maiorum</span> <span class='ocrx_word' id='word_1_260' title='bbox 633 2458 686 2485; x_wconf 89' lang='lat' dir='ltr'>ne</span> <span class='ocrx_word' id='word_1_261' title='bbox 710 2443 804 2499; x_wconf 90' lang='lat' dir='ltr'>quis</span> <span class='ocrx_word' id='word_1_262' title='bbox 829 2444 988 2486; x_wconf 88' lang='lat' dir='ltr'>amicus</span> 
     </span>
     <span class='ocr_line' id='line_1_38' title="bbox 2 2495 1211 2561; baseline 0.006 -18"><span class='ocrx_word' id='word_1_263' title='bbox 2 2495 155 2558; x_wconf 66' lang='lat' dir='ltr'>ffigore</span> <span class='ocrx_word' id='word_1_264' title='bbox 178 2507 220 2544; x_wconf 85' lang='lat' dir='ltr'>te</span> <span class='ocrx_word' id='word_1_265' title='bbox 244 2502 375 2546; x_wconf 84' lang='lat' dir='ltr'>feriat.</span> <span class='ocrx_word' id='word_1_266' title='bbox 401 2529 457 2535; x_wconf 93' lang='lat'>——</span> <span class='ocrx_word' id='word_1_267' title='bbox 481 2505 605 2560; x_wconf 85' lang='lat' dir='ltr'>quid?</span> <span class='ocrx_word' id='word_1_268' title='bbox 627 2520 756 2561; x_wconf 92' lang='lat' dir='ltr'>quum</span> <span class='ocrx_word' id='word_1_269' title='bbox 781 2513 844 2549; x_wconf 88' lang='lat' dir='ltr'>est</span> <span class='ocrx_word' id='word_1_270' title='bbox 867 2507 1059 2549; x_wconf 87' lang='lat' dir='ltr'>Lucilius</span> <span class='ocrx_word' id='word_1_271' title='bbox 1084 2522 1211 2550; x_wconf 89' lang='lat' dir='ltr'>ausus</span> 
     </span>
     <span class='ocr_line' id='line_1_39' title="bbox 107 2564 1187 2625; baseline 0.006 -19.563"><span class='ocrx_word' id='word_1_272' title='bbox 107 2578 157 2606; x_wconf 87' lang='lat' dir='ltr'>us</span> <span class='ocrx_word' id='word_1_273' title='bbox 180 2564 225 2606; x_wconf 92' lang='lat' dir='ltr'>in</span> <span class='ocrx_word' id='word_1_274' title='bbox 246 2564 358 2608; x_wconf 91' lang='lat' dir='ltr'>hunc</span> <span class='ocrx_word' id='word_1_275' title='bbox 381 2567 516 2623; x_wconf 88' lang='lat' dir='ltr'>operis</span> <span class='ocrx_word' id='word_1_276' title='bbox 542 2582 788 2625; x_wconf 88' lang='lat' dir='ltr'>componere</span> <span class='ocrx_word' id='word_1_277' title='bbox 812 2570 995 2612; x_wconf 87' lang='lat' dir='ltr'>carmina</span> <span class='ocrx_word' id='word_1_278' title='bbox 1018 2585 1187 2621; x_wconf 85' lang='lat' dir='ltr'>morem,</span> 
     </span>
     <span class='ocr_line' id='line_1_40' title="bbox 0 2629 1149 2689; baseline 0.007 -21"><span class='ocrx_word' id='word_1_279' title='bbox 0 2683 2 2685; x_wconf 73' lang='lat'>.</span> <span class='ocrx_word' id='word_1_280' title='bbox 147 2642 214 2670; x_wconf 89' lang='lat' dir='ltr'>ere</span> <span class='ocrx_word' id='word_1_281' title='bbox 239 2634 279 2670; x_wconf 92' lang='lat' dir='ltr'>et</span> <span class='ocrx_word' id='word_1_282' title='bbox 301 2629 470 2685; x_wconf 90' lang='lat' dir='ltr'>pellem,</span> <span class='ocrx_word' id='word_1_283' title='bbox 495 2631 648 2674; x_wconf 87' lang='lat' dir='ltr'>nitidus</span> <span class='ocrx_word' id='word_1_284' title='bbox 673 2646 756 2688; x_wconf 86' lang='lat' dir='ltr'>qua</span> <span class='ocrx_word' id='word_1_285' title='bbox 780 2633 955 2688; x_wconf 89' lang='lat' dir='ltr'>quisque</span> <span class='ocrx_word' id='word_1_286' title='bbox 979 2648 1054 2689; x_wconf 90' lang='lat' dir='ltr'>per</span> <span class='ocrx_word' id='word_1_287' title='bbox 1077 2648 1149 2677; x_wconf 90' lang='lat' dir='ltr'>ora</span> 
     </span>
     <span class='ocr_line' id='line_1_41' title="bbox 80 2691 1432 2752; baseline 0.004 -16.803"><span class='ocrx_word' id='word_1_288' title='bbox 80 2697 190 2743; x_wconf 80' lang='lat' dir='ltr'>eret,</span> <span class='ocrx_word' id='word_1_289' title='bbox 214 2691 438 2736; x_wconf 84' lang='lat' dir='ltr'>introrsum</span> <span class='ocrx_word' id='word_1_290' title='bbox 460 2694 591 2751; x_wconf 87' lang='lat' dir='ltr'>turpis</span> <span class='ocrx_word' id='word_1_291' title='bbox 599 2711 611 2746; x_wconf 91' lang='lat'>;</span> <span class='ocrx_word' id='word_1_292' title='bbox 634 2710 735 2737; x_wconf 91' lang='lat' dir='ltr'>num</span> <span class='ocrx_word' id='word_1_293' title='bbox 758 2695 931 2739; x_wconf 87' lang='lat' dir='ltr'>Laelius</span> <span class='ocrx_word' id='word_1_294' title='bbox 957 2702 998 2739; x_wconf 90' lang='lat' dir='ltr'>et</span> <span class='ocrx_word' id='word_1_295' title='bbox 1021 2697 1094 2752; x_wconf 88' lang='lat' dir='ltr'>qui</span> <span class='ocrx_word' id='word_1_296' title='bbox 1390 2709 1432 2742; x_wconf 86' lang='lat'>65</span> 
     </span>
    </p>
   </div>
   <div class='ocr_carea' id='block_1_4' title="bbox 0 2594 143 2820">
    <p class='ocr_par' dir='ltr' id='par_1_4' title="bbox 0 2594 143 2820">
     <span class='ocr_line' id='line_1_42' title="bbox 0 2594 143 2820; baseline 0.042 -165"><span class='ocrx_word' id='word_1_297' title='bbox 0 2594 143 2820; x_wconf 95' lang='lat' dir='ltr'>    </span> 
     </span>
    </p>
   </div>
  </div>
 </body>
</html>
