1500 2820
149 320 191 353 25

146 657 188 688 30

143 987 184 1019 35

141 1318 184 1349 40

138 1672 180 1703 45

140 2002 183 2032 50

138 2333 180 2364 55

139 2662 181 2694 60

215 196 270 238 80

649 205 691 248 Q.
703 204 916 242 HORATII
933 206 1114 244 FLACCI

383 314 443 358 tu,
469 308 673 350 civitatem
697 309 786 362 quis
811 310 952 352 deceat
974 316 1117 361 status,

381 385 517 420 curas,
542 376 584 412 et
606 370 696 412 urbi
721 371 914 414 sollicitus
939 373 1057 414 times

435 433 534 486 quid
559 431 679 474 Seres
704 439 744 474 et
765 441 934 489 regnata
959 434 1069 490 Cyro

489 493 638 534 Bactra
659 501 802 548 parent
826 495 1059 550 Tanaisque
1082 495 1249 539 discors.

379 583 557 637 prudens
582 583 708 625 futuri
731 585 922 639 temporis
948 586 1102 627 exitum

380 644 603 700 caliginosa
625 651 743 687 nocte
766 647 912 700 premit
935 647 1050 697 deus,

431 706 631 760 ridetque,
658 707 692 748 si
715 708 895 750 mortalis
919 708 1025 750 ultra

488 768 551 810 fas
576 769 760 824 trepidat.
786 770 895 823 quod
918 770 1051 821 adest,
1077 778 1278 813 memento

378 866 618 907 componere
643 867 817 906 aequus;
843 860 976 895 cetera
998 854 1176 897 fluminis

378 914 458 954 ritu
480 914 681 964 feruntur,
707 929 815 956 nunc
838 916 971 957 medio
995 916 1111 958 alveo

433 990 525 1016 cum
549 990 650 1030 pace
674 976 897 1019 delabentis
921 977 1143 1019 Etruscum

484 1037 526 1077 in
550 1052 678 1086 mare,
704 1053 813 1079 nunc
835 1038 990 1094 lapides
1014 1039 1160 1082 adesos

379 1121 605 1176 stirpesque
628 1127 764 1176 raptas
790 1129 829 1163 et
850 1137 977 1177 pecus
1002 1130 1042 1165 et
1065 1123 1207 1166 domos

377 1182 576 1224 volventis
600 1197 699 1233 una,
724 1198 807 1224 non
831 1184 917 1225 sine
939 1185 1138 1226 montium

431 1243 606 1286 clamore
630 1244 868 1299 vicinaeque
893 1245 1031 1296 silvae,

485 1319 611 1359 quum
634 1305 722 1347 fera
745 1306 916 1348 diluvies
940 1307 1098 1362 quietos

374 1389 503 1430 irritat
525 1403 678 1430 amnes.
703 1389 770 1431 ille
793 1397 936 1444 potens
962 1391 1025 1432 sui

372 1450 583 1505 laetusque
607 1451 745 1506 deget,
772 1452 837 1492 cui
859 1451 953 1493 licet
974 1453 1018 1494 in
1041 1453 1147 1494 diem

429 1512 582 1554 dixisse
606 1512 722 1554 Vixi:
748 1527 836 1554 cras
861 1514 926 1554 vel
949 1520 1036 1555 atra

483 1574 591 1616 nube
614 1574 755 1629 polum
777 1582 892 1630 pater
915 1582 1123 1631 occupato,

372 1658 437 1699 vel
462 1658 546 1700 sole
571 1673 691 1713 puro,
717 1673 799 1700 non
822 1665 959 1701 tamen
980 1660 1149 1709 irritum,

370 1720 655 1774 quodcumque
678 1727 783 1762 retro
808 1727 886 1770 est,
913 1720 1080 1770 efficiet,
1105 1735 1236 1775 neque

427 1781 615 1838 diffinget
637 1782 914 1836 infectumque
937 1783 1079 1824 reddet

482 1844 592 1897 quod
615 1843 779 1900 fugiens
805 1844 931 1885 semel
954 1844 1053 1886 hora
1075 1845 1198 1886 vexit.

372 1927 553 1969 Fortuna
577 1942 700 1969 saevo
723 1927 830 1968 laeta
853 1928 1016 1983 negotio
1041 1934 1080 1969 et

374 1989 517 2030 ludum
540 1989 780 2030 insolentem
802 1989 941 2030 ludere
963 1989 1150 2044 pertinax

429 2056 670 2092 transmutat
692 2051 867 2093 incertos
892 2051 1078 2102 honores,

482 2126 590 2153 nunc
613 2112 712 2152 mihi
734 2127 843 2154 nunc
866 2112 933 2153 alii
955 2111 1143 2168 benigna.

370 2196 493 2238 laudo
516 2203 765 2247 manentem3
790 2197 825 2238 si
849 2197 999 2238 celeres
1023 2197 1152 2251 quatit

370 2273 543 2314 pennas,
567 2258 731 2313 resigno
755 2272 858 2312 quae
883 2259 1011 2308 dedit,
1037 2264 1076 2299 et
1099 2273 1190 2300 mea

426 2320 572 2360 virtute
595 2333 660 2360 me
684 2319 864 2369 involvo,
888 2319 1139 2374 probamque

480 2380 714 2435 pauperiem
739 2380 824 2422 sine
849 2381 941 2422 dote
965 2394 1127 2433 quaero.

370 2479 452 2506 non
476 2470 538 2506 est
561 2478 715 2514 meum,
742 2464 777 2507 si
800 2464 956 2519 mugiat
979 2462 1133 2506 Africis

372 2525 503 2567 malus
527 2525 734 2580 procellis,
759 2525 812 2567 ad
835 2525 1004 2566 miseras
1028 2539 1170 2579 preces

426 2587 637 2628 decurrere
661 2593 702 2628 et
724 2587 828 2628 votis
852 2586 1015 2641 pacisci,

482 2663 532 2690 ne
559 2647 735 2704 Cypriae
759 2647 987 2702 Tyriaeque
1011 2661 1164 2688 merces
