<?xml version="1.0" encoding="UTF-8"?>
<!DOCTYPE html PUBLIC "-//W3C//DTD XHTML 1.0 Transitional//EN"
    "http://www.w3.org/TR/xhtml1/DTD/xhtml1-transitional.dtd">
<html xmlns="http://www.w3.org/1999/xhtml" xml:lang="en" lang="en">
 <head>
  <title>
</title>
<meta http-equiv="Content-Type" content="text/html;charset=utf-8" />
  <meta name='ocr-system' content='tesseract 3.04.00' />
  <meta name='ocr-capabilities' content='ocr_page ocr_carea ocr_par ocr_line ocrx_word'/>
</head>
<body>
  <div class='ocr_page' id='page_1' title='image "./operaomni00horauoft_0092.png"; bbox 0 0 1592 2808; ppageno 0'>
   <div class='ocr_carea' id='block_1_1' title="bbox 264 406 305 436">
    <p class='ocr_par' dir='ltr' id='par_1_1' title="bbox 264 406 305 436">
     <span class='ocr_line' id='line_1_1' title="bbox 264 406 305 436; baseline 0 0"><span class='ocrx_word' id='word_1_1' title='bbox 264 406 305 436; x_wconf 85' lang='lat'>25</span> 
     </span>
    </p>
   </div>
   <div class='ocr_carea' id='block_1_2' title="bbox 263 729 304 760">
    <p class='ocr_par' dir='ltr' id='par_1_2' title="bbox 263 729 304 760">
     <span class='ocr_line' id='line_1_2' title="bbox 263 729 304 760; baseline 0 0"><span class='ocrx_word' id='word_1_2' title='bbox 263 729 304 760; x_wconf 87' lang='lat'>30</span> 
     </span>
    </p>
   </div>
   <div class='ocr_carea' id='block_1_3' title="bbox 261 1061 303 1092">
    <p class='ocr_par' dir='ltr' id='par_1_3' title="bbox 261 1061 303 1092">
     <span class='ocr_line' id='line_1_3' title="bbox 261 1061 303 1092; baseline -0.024 0"><span class='ocrx_word' id='word_1_3' title='bbox 261 1061 303 1092; x_wconf 85' lang='lat'>35</span> 
     </span>
    </p>
   </div>
   <div class='ocr_carea' id='block_1_4' title="bbox 259 1995 299 2025">
    <p class='ocr_par' dir='ltr' id='par_1_4' title="bbox 259 1995 299 2025">
     <span class='ocr_line' id='line_1_4' title="bbox 259 1995 299 2025; baseline 0 0"><span class='ocrx_word' id='word_1_4' title='bbox 259 1995 299 2025; x_wconf 91' lang='lat'>10</span> 
     </span>
    </p>
   </div>
   <div class='ocr_carea' id='block_1_5' title="bbox 258 2314 298 2343">
    <p class='ocr_par' dir='ltr' id='par_1_5' title="bbox 258 2314 298 2343">
     <span class='ocr_line' id='line_1_5' title="bbox 258 2314 298 2343; baseline 0 0"><span class='ocrx_word' id='word_1_5' title='bbox 258 2314 298 2343; x_wconf 87' lang='lat'>15</span> 
     </span>
    </p>
   </div>
   <div class='ocr_carea' id='block_1_6' title="bbox 258 2631 300 2662">
    <p class='ocr_par' dir='ltr' id='par_1_6' title="bbox 258 2631 300 2662">
     <span class='ocr_line' id='line_1_6' title="bbox 258 2631 300 2662; baseline 0 0"><span class='ocrx_word' id='word_1_6' title='bbox 258 2631 300 2662; x_wconf 86' lang='lat'>20</span> 
     </span>
    </p>
   </div>
   <div class='ocr_carea' id='block_1_7' title="bbox 1132 0 1592 234">
    <p class='ocr_par' dir='ltr' id='par_1_7' title="bbox 1132 0 1592 234">
     <span class='ocr_line' id='line_1_7' title="bbox 1132 0 1592 234; baseline 0 0"><span class='ocrx_word' id='word_1_7' title='bbox 1132 0 1592 234; x_wconf 95' lang='lat' dir='ltr'>  </span> 
     </span>
    </p>
   </div>
   <div class='ocr_carea' id='block_1_8' title="bbox 765 167 1232 212">
    <p class='ocr_par' dir='ltr' id='par_1_8' title="bbox 765 167 1232 212">
     <span class='ocr_line' id='line_1_8' title="bbox 765 167 1232 212; baseline 0.002 -8"><span class='ocrx_word' id='word_1_8' title='bbox 765 167 1035 212; x_wconf 82' lang='lat' dir='ltr'><strong>Q.HORAT11</strong></span> <span class='ocrx_word' id='word_1_9' title='bbox 1051 167 1232 206; x_wconf 79' lang='lat' dir='ltr'><strong>FLAGOI</strong></span> 
     </span>
    </p>
   </div>
   <div class='ocr_carea' id='block_1_9' title="bbox 439 271 1276 514">
    <p class='ocr_par' dir='ltr' id='par_1_9' title="bbox 439 271 1276 514">
     <span class='ocr_line' id='line_1_9' title="bbox 443 271 1242 314; baseline 0.001 -1"><span class='ocrx_word' id='word_1_10' title='bbox 443 271 592 314; x_wconf 90' lang='lat' dir='ltr'>multos</span> <span class='ocrx_word' id='word_1_11' title='bbox 617 277 749 314; x_wconf 86' lang='lat' dir='ltr'>castra</span> <span class='ocrx_word' id='word_1_12' title='bbox 771 272 911 314; x_wconf 86' lang='lat' dir='ltr'>iuvant</span> <span class='ocrx_word' id='word_1_13' title='bbox 935 279 975 314; x_wconf 92' lang='lat' dir='ltr'>et</span> <span class='ocrx_word' id='word_1_14' title='bbox 997 273 1095 314; x_wconf 82' lang='lat' dir='ltr'>lituo</span> <span class='ocrx_word' id='word_1_15' title='bbox 1121 272 1242 314; x_wconf 86' lang='lat' dir='ltr'>tubae</span> 
     </span>
     <span class='ocr_line' id='line_1_10' title="bbox 440 333 1276 388; baseline 0.002 -14"><span class='ocrx_word' id='word_1_16' title='bbox 440 334 664 388; x_wconf 84' lang='lat' dir='ltr'>permixtus</span> <span class='ocrx_word' id='word_1_17' title='bbox 690 333 845 375; x_wconf 83' lang='lat' dir='ltr'>sonitus</span> <span class='ocrx_word' id='word_1_18' title='bbox 870 333 1055 388; x_wconf 88' lang='lat' dir='ltr'>bellaque</span> <span class='ocrx_word' id='word_1_19' title='bbox 1079 334 1276 376; x_wconf 89' lang='lat' dir='ltr'>matribus</span> 
     </span>
     <span class='ocr_line' id='line_1_11' title="bbox 441 395 1210 452; baseline 0.003 -16"><span class='ocrx_word' id='word_1_20' title='bbox 441 396 652 438; x_wconf 85' lang='lat' dir='ltr'>detestata.</span> <span class='ocrx_word' id='word_1_21' title='bbox 677 401 815 437; x_wconf 87' lang='lat' dir='ltr'>manet</span> <span class='ocrx_word' id='word_1_22' title='bbox 838 395 914 438; x_wconf 84' lang='lat' dir='ltr'>sub</span> <span class='ocrx_word' id='word_1_23' title='bbox 937 396 1036 438; x_wconf 90' lang='lat' dir='ltr'>Iove</span> <span class='ocrx_word' id='word_1_24' title='bbox 1061 397 1210 452; x_wconf 86' lang='lat' dir='ltr'>frigido</span> 
     </span>
     <span class='ocr_line' id='line_1_12' title="bbox 439 458 1249 514; baseline 0 -15"><span class='ocrx_word' id='word_1_25' title='bbox 439 464 609 500; x_wconf 89' lang='lat' dir='ltr'>venator</span> <span class='ocrx_word' id='word_1_26' title='bbox 631 464 791 500; x_wconf 81' lang='lat' dir='ltr'>tenerae</span> <span class='ocrx_word' id='word_1_27' title='bbox 816 458 1000 514; x_wconf 86' lang='lat' dir='ltr'>coniugis</span> <span class='ocrx_word' id='word_1_28' title='bbox 1024 458 1249 508; x_wconf 90' lang='lat' dir='ltr'>immemor,</span> 
     </span>
    </p>
   </div>
   <div class='ocr_carea' id='block_1_10' title="bbox 439 536 1359 776">
    <p class='ocr_par' dir='ltr' id='par_1_10' title="bbox 441 536 1243 587">
     <span class='ocr_line' id='line_1_13' title="bbox 441 536 1243 587; baseline 0 -9"><span class='ocrx_word' id='word_1_29' title='bbox 441 551 514 578; x_wconf 82' lang='lat' dir='ltr'>seu</span> <span class='ocrx_word' id='word_1_30' title='bbox 536 536 625 578; x_wconf 85' lang='lat' dir='ltr'>visa</span> <span class='ocrx_word' id='word_1_31' title='bbox 649 542 711 578; x_wconf 85' lang='lat' dir='ltr'>est</span> <span class='ocrx_word' id='word_1_32' title='bbox 734 536 877 578; x_wconf 85' lang='lat' dir='ltr'>catulis</span> <span class='ocrx_word' id='word_1_33' title='bbox 902 551 1021 578; x_wconf 87' lang='lat' dir='ltr'>cerva</span> <span class='ocrx_word' id='word_1_34' title='bbox 1042 536 1243 587; x_wconf 86' lang='lat' dir='ltr'>fidelibus,</span> 
     </span>
    </p>

    <p class='ocr_par' dir='ltr' id='par_1_11' title="bbox 439 597 1359 776">
     <span class='ocr_line' id='line_1_14' title="bbox 441 597 1303 654; baseline 0 -15"><span class='ocrx_word' id='word_1_35' title='bbox 441 613 513 639; x_wconf 90' lang='lat' dir='ltr'>seu</span> <span class='ocrx_word' id='word_1_36' title='bbox 535 599 642 653; x_wconf 90' lang='lat' dir='ltr'>rupit</span> <span class='ocrx_word' id='word_1_37' title='bbox 667 604 812 640; x_wconf 86' lang='lat' dir='ltr'>teretes</span> <span class='ocrx_word' id='word_1_38' title='bbox 837 597 1003 639; x_wconf 87' lang='lat' dir='ltr'>Marsus</span> <span class='ocrx_word' id='word_1_39' title='bbox 1028 613 1126 653; x_wconf 90' lang='lat' dir='ltr'>aper</span> <span class='ocrx_word' id='word_1_40' title='bbox 1147 598 1303 654; x_wconf 82' lang='lat' dir='ltr'>plagas.</span> 
     </span>
     <span class='ocr_line' id='line_1_15' title="bbox 439 659 1354 714; baseline 0 -14"><span class='ocrx_word' id='word_1_41' title='bbox 439 674 504 700; x_wconf 90' lang='lat' dir='ltr'>me</span> <span class='ocrx_word' id='word_1_42' title='bbox 528 660 738 701; x_wconf 86' lang='lat' dir='ltr'>doctarum</span> <span class='ocrx_word' id='word_1_43' title='bbox 762 659 935 701; x_wconf 81' lang='lat' dir='ltr'>hederae</span> <span class='ocrx_word' id='word_1_44' title='bbox 958 660 1138 714; x_wconf 88' lang='lat' dir='ltr'>praemia</span> <span class='ocrx_word' id='word_1_45' title='bbox 1161 659 1354 701; x_wconf 87' lang='lat' dir='ltr'>frontium</span> 
     </span>
     <span class='ocr_line' id='line_1_16' title="bbox 440 720 1359 776; baseline 0 -14"><span class='ocrx_word' id='word_1_46' title='bbox 440 721 502 762; x_wconf 77' lang='lat' dir='ltr'>dis</span> <span class='ocrx_word' id='word_1_47' title='bbox 526 721 698 762; x_wconf 87' lang='lat' dir='ltr'>miscent</span> <span class='ocrx_word' id='word_1_48' title='bbox 723 721 898 776; x_wconf 83' lang='lat' dir='ltr'>superis,</span> <span class='ocrx_word' id='word_1_49' title='bbox 923 735 989 762; x_wconf 90' lang='lat' dir='ltr'>me</span> <span class='ocrx_word' id='word_1_50' title='bbox 1012 720 1192 776; x_wconf 80' lang='lat' dir='ltr'>gelidum</span> <span class='ocrx_word' id='word_1_51' title='bbox 1216 735 1359 762; x_wconf 82' lang='lat' dir='ltr'>nemus</span> 
     </span>
    </p>
   </div>
   <div class='ocr_carea' id='block_1_11' title="bbox 434 797 1373 1041">
    <p class='ocr_par' dir='ltr' id='par_1_12' title="bbox 434 797 1373 1041">
     <span class='ocr_line' id='line_1_17' title="bbox 438 797 1373 855; baseline -0.002 -13"><span class='ocrx_word' id='word_1_52' title='bbox 438 799 801 855; x_wconf 87' lang='lat' dir='ltr'>Nympharumque</span> <span class='ocrx_word' id='word_1_53' title='bbox 824 799 935 841; x_wconf 86' lang='lat' dir='ltr'>leves</span> <span class='ocrx_word' id='word_1_54' title='bbox 961 813 1054 841; x_wconf 92' lang='lat' dir='ltr'>cum</span> <span class='ocrx_word' id='word_1_55' title='bbox 1080 797 1237 854; x_wconf 82' lang='lat' dir='ltr'>Satyris</span> <span class='ocrx_word' id='word_1_56' title='bbox 1262 797 1373 840; x_wconf 87' lang='lat' dir='ltr'>chori</span> 
     </span>
     <span class='ocr_line' id='line_1_18' title="bbox 434 859 1200 916; baseline 0 -14"><span class='ocrx_word' id='word_1_57' title='bbox 434 868 649 902; x_wconf 87' lang='lat' dir='ltr'>secernunt</span> <span class='ocrx_word' id='word_1_58' title='bbox 671 861 840 916; x_wconf 91' lang='lat' dir='ltr'>populo,</span> <span class='ocrx_word' id='word_1_59' title='bbox 868 861 902 902; x_wconf 87' lang='lat' dir='ltr'>si</span> <span class='ocrx_word' id='word_1_60' title='bbox 925 875 1056 915; x_wconf 89' lang='lat' dir='ltr'>neque</span> <span class='ocrx_word' id='word_1_61' title='bbox 1080 859 1200 902; x_wconf 82' lang='lat' dir='ltr'>tibias</span> 
     </span>
     <span class='ocr_line' id='line_1_19' title="bbox 438 922 1217 978; baseline -0.001 -14"><span class='ocrx_word' id='word_1_62' title='bbox 438 923 619 978; x_wconf 83' lang='lat' dir='ltr'>Euterpe</span> <span class='ocrx_word' id='word_1_63' title='bbox 644 923 821 973; x_wconf 85' lang='lat' dir='ltr'>cohibet,</span> <span class='ocrx_word' id='word_1_64' title='bbox 847 937 922 964; x_wconf 91' lang='lat' dir='ltr'>nec</span> <span class='ocrx_word' id='word_1_65' title='bbox 945 922 1217 978; x_wconf 84' lang='lat' dir='ltr'>Polyhymnia</span> 
     </span>
     <span class='ocr_line' id='line_1_20' title="bbox 438 983 1236 1041; baseline -0.003 -14"><span class='ocrx_word' id='word_1_66' title='bbox 438 985 651 1027; x_wconf 82' lang='lat' dir='ltr'>Lesboum</span> <span class='ocrx_word' id='word_1_67' title='bbox 675 984 827 1041; x_wconf 87' lang='lat' dir='ltr'>refugit</span> <span class='ocrx_word' id='word_1_68' title='bbox 850 985 1013 1027; x_wconf 89' lang='lat' dir='ltr'>tendere</span> <span class='ocrx_word' id='word_1_69' title='bbox 1038 983 1236 1027; x_wconf 86' lang='lat' dir='ltr'>barbiton.</span> 
     </span>
    </p>
   </div>
   <div class='ocr_carea' id='block_1_12' title="bbox 441 1057 1258 1161">
    <p class='ocr_par' dir='ltr' id='par_1_13' title="bbox 441 1057 1258 1161">
     <span class='ocr_line' id='line_1_21' title="bbox 495 1057 1258 1113; baseline 0.001 -15"><span class='ocrx_word' id='word_1_70' title='bbox 495 1058 642 1112; x_wconf 81' lang='lat' dir='ltr'>quodsi</span> <span class='ocrx_word' id='word_1_71' title='bbox 665 1072 730 1099; x_wconf 92' lang='lat' dir='ltr'>me</span> <span class='ocrx_word' id='word_1_72' title='bbox 753 1057 890 1113; x_wconf 86' lang='lat' dir='ltr'>lyricis</span> <span class='ocrx_word' id='word_1_73' title='bbox 914 1057 1076 1100; x_wconf 84' lang='lat' dir='ltr'>vatibus</span> <span class='ocrx_word' id='word_1_74' title='bbox 1100 1057 1258 1107; x_wconf 81' lang='lat' dir='ltr'>inseris,</span> 
     </span>
     <span class='ocr_line' id='line_1_22' title="bbox 441 1119 1114 1161; baseline 0.001 -1"><span class='ocrx_word' id='word_1_75' title='bbox 441 1119 603 1161; x_wconf 82' lang='lat' dir='ltr'>sublimi</span> <span class='ocrx_word' id='word_1_76' title='bbox 627 1119 771 1161; x_wconf 90' lang='lat' dir='ltr'>feriam</span> <span class='ocrx_word' id='word_1_77' title='bbox 796 1119 930 1161; x_wconf 86' lang='lat' dir='ltr'>sidera</span> <span class='ocrx_word' id='word_1_78' title='bbox 952 1119 1114 1161; x_wconf 86' lang='lat' dir='ltr'>vertice.</span> 
     </span>
    </p>
   </div>
   <div class='ocr_carea' id='block_1_13' title="bbox 661 1250 1330 1366">
    <p class='ocr_par' dir='ltr' id='par_1_14' title="bbox 661 1250 1330 1366">
     <span class='ocr_line' id='line_1_23' title="bbox 817 1250 1164 1290; baseline -0.006 0"><span class='ocrx_word' id='word_1_79' title='bbox 817 1250 1074 1290; x_wconf 84' lang='lat' dir='ltr'>CARMEN</span> <span class='ocrx_word' id='word_1_80' title='bbox 1102 1251 1164 1289; x_wconf 88' lang='lat' dir='ltr'>H.</span> 
     </span>
     <span class='ocr_line' id='line_1_24' title="bbox 661 1332 1330 1366; baseline -0.001 -2"><span class='ocrx_word' id='word_1_81' title='bbox 661 1334 728 1365; x_wconf 83' lang='lat' dir='ltr'>AD</span> <span class='ocrx_word' id='word_1_82' title='bbox 756 1333 1023 1366; x_wconf 79' lang='lat' dir='ltr'><strong>CAESAREM</strong></span> <span class='ocrx_word' id='word_1_83' title='bbox 1045 1332 1330 1366; x_wconf 85' lang='lat' dir='ltr'><strong>AUGUSTUM.</strong></span> 
     </span>
    </p>
   </div>
   <div class='ocr_carea' id='block_1_14' title="bbox 491 1403 1258 1638">
    <p class='ocr_par' dir='ltr' id='par_1_15' title="bbox 492 1403 1258 1458">
     <span class='ocr_line' id='line_1_25' title="bbox 492 1403 1258 1458; baseline 0 -13"><span class='ocrx_word' id='word_1_84' title='bbox 492 1403 582 1445; x_wconf 85' lang='lat' dir='ltr'>Iam</span> <span class='ocrx_word' id='word_1_85' title='bbox 607 1404 705 1445; x_wconf 87' lang='lat' dir='ltr'>satis</span> <span class='ocrx_word' id='word_1_86' title='bbox 729 1404 845 1445; x_wconf 88' lang='lat' dir='ltr'>terris</span> <span class='ocrx_word' id='word_1_87' title='bbox 870 1403 975 1445; x_wconf 90' lang='lat' dir='ltr'>nivis</span> <span class='ocrx_word' id='word_1_88' title='bbox 1000 1410 1123 1458; x_wconf 91' lang='lat' dir='ltr'>atque</span> <span class='ocrx_word' id='word_1_89' title='bbox 1147 1403 1258 1445; x_wconf 88' lang='lat' dir='ltr'>dirae</span> 
     </span>
    </p>

    <p class='ocr_par' dir='ltr' id='par_1_16' title="bbox 491 1465 1227 1521">
     <span class='ocr_line' id='line_1_26' title="bbox 491 1465 1227 1521; baseline 0 -15"><span class='ocrx_word' id='word_1_90' title='bbox 491 1465 699 1521; x_wconf 80' lang='lat' dir='ltr'>grandinis</span> <span class='ocrx_word' id='word_1_91' title='bbox 723 1465 834 1507; x_wconf 83' lang='lat' dir='ltr'>misit</span> <span class='ocrx_word' id='word_1_92' title='bbox 856 1471 972 1520; x_wconf 87' lang='lat' dir='ltr'>pater</span> <span class='ocrx_word' id='word_1_93' title='bbox 995 1471 1036 1507; x_wconf 90' lang='lat' dir='ltr'>et</span> <span class='ocrx_word' id='word_1_94' title='bbox 1056 1465 1227 1507; x_wconf 87' lang='lat' dir='ltr'>rubente</span> 
     </span>
    </p>

    <p class='ocr_par' dir='ltr' id='par_1_17' title="bbox 493 1526 1183 1638">
     <span class='ocr_line' id='line_1_27' title="bbox 493 1526 1183 1568; baseline 0 0"><span class='ocrx_word' id='word_1_95' title='bbox 493 1528 659 1568; x_wconf 86' lang='lat' dir='ltr'>dextera</span> <span class='ocrx_word' id='word_1_96' title='bbox 683 1541 818 1568; x_wconf 86' lang='lat' dir='ltr'>sacras</span> <span class='ocrx_word' id='word_1_97' title='bbox 844 1526 1044 1568; x_wconf 83' lang='lat' dir='ltr'>iaculatus</span> <span class='ocrx_word' id='word_1_98' title='bbox 1068 1541 1183 1568; x_wconf 86' lang='lat' dir='ltr'>arces</span> 
     </span>
     <span class='ocr_line' id='line_1_28' title="bbox 603 1587 923 1638; baseline -0.006 -8"><span class='ocrx_word' id='word_1_99' title='bbox 603 1588 744 1630; x_wconf 88' lang='lat' dir='ltr'>terruit</span> <span class='ocrx_word' id='word_1_100' title='bbox 766 1587 923 1638; x_wconf 89' lang='lat' dir='ltr'>urbem,</span> 
     </span>
    </p>
   </div>
   <div class='ocr_carea' id='block_1_15' title="bbox 491 1661 1418 1896">
    <p class='ocr_par' dir='ltr' id='par_1_18' title="bbox 493 1661 1214 1717">
     <span class='ocr_line' id='line_1_29' title="bbox 493 1661 1214 1717; baseline 0 -15"><span class='ocrx_word' id='word_1_101' title='bbox 493 1662 631 1703; x_wconf 82' lang='lat' dir='ltr'>terruit</span> <span class='ocrx_word' id='word_1_102' title='bbox 655 1667 815 1717; x_wconf 80' lang='lat' dir='ltr'>gentes,</span> <span class='ocrx_word' id='word_1_103' title='bbox 842 1675 967 1717; x_wconf 87' lang='lat' dir='ltr'>grave</span> <span class='ocrx_word' id='word_1_104' title='bbox 990 1675 1042 1702; x_wconf 91' lang='lat' dir='ltr'>ne</span> <span class='ocrx_word' id='word_1_105' title='bbox 1065 1661 1214 1702; x_wconf 84' lang='lat' dir='ltr'>rediret</span> 
     </span>
    </p>

    <p class='ocr_par' dir='ltr' id='par_1_19' title="bbox 493 1723 1418 1778">
     <span class='ocr_line' id='line_1_30' title="bbox 493 1723 1418 1778; baseline -0.001 -14"><span class='ocrx_word' id='word_1_106' title='bbox 493 1723 674 1765; x_wconf 87' lang='lat' dir='ltr'>seculum</span> <span class='ocrx_word' id='word_1_107' title='bbox 697 1723 880 1778; x_wconf 86' lang='lat' dir='ltr'>Pyrrhae</span> <span class='ocrx_word' id='word_1_108' title='bbox 903 1737 1010 1763; x_wconf 87' lang='lat' dir='ltr'>nova</span> <span class='ocrx_word' id='word_1_109' title='bbox 1033 1728 1214 1764; x_wconf 86' lang='lat' dir='ltr'>monstra</span> <span class='ocrx_word' id='word_1_110' title='bbox 1237 1728 1418 1777; x_wconf 64' lang='lat' dir='ltr'>questam,</span> 
     </span>
    </p>

    <p class='ocr_par' dir='ltr' id='par_1_20' title="bbox 491 1783 1344 1896">
     <span class='ocr_line' id='line_1_31' title="bbox 491 1783 1344 1840; baseline -0.001 -14"><span class='ocrx_word' id='word_1_111' title='bbox 491 1799 610 1826; x_wconf 89' lang='lat' dir='ltr'>omne</span> <span class='ocrx_word' id='word_1_112' title='bbox 634 1799 760 1838; x_wconf 86' lang='lat' dir='ltr'>quum</span> <span class='ocrx_word' id='word_1_113' title='bbox 783 1784 957 1826; x_wconf 89' lang='lat' dir='ltr'>Proteus</span> <span class='ocrx_word' id='word_1_114' title='bbox 981 1798 1107 1840; x_wconf 89' lang='lat' dir='ltr'>pecus</span> <span class='ocrx_word' id='word_1_115' title='bbox 1133 1783 1216 1840; x_wconf 87' lang='lat' dir='ltr'>egit</span> <span class='ocrx_word' id='word_1_116' title='bbox 1241 1783 1344 1825; x_wconf 84' lang='lat' dir='ltr'>altos</span> 
     </span>
     <span class='ocr_line' id='line_1_32' title="bbox 602 1846 927 1896; baseline 0 -9"><span class='ocrx_word' id='word_1_117' title='bbox 602 1846 732 1888; x_wconf 83' lang='lat' dir='ltr'>visere</span> <span class='ocrx_word' id='word_1_118' title='bbox 757 1852 927 1896; x_wconf 88' lang='lat' dir='ltr'>montes,</span> 
     </span>
    </p>
   </div>
   <div class='ocr_carea' id='block_1_16' title="bbox 489 1918 1366 2159">
    <p class='ocr_par' dir='ltr' id='par_1_21' title="bbox 489 1918 1366 1975">
     <span class='ocr_line' id='line_1_33' title="bbox 489 1918 1366 1975; baseline -0.001 -15"><span class='ocrx_word' id='word_1_119' title='bbox 489 1919 663 1975; x_wconf 85' lang='lat' dir='ltr'>piscium</span> <span class='ocrx_word' id='word_1_120' title='bbox 687 1925 728 1960; x_wconf 87' lang='lat' dir='ltr'>et</span> <span class='ocrx_word' id='word_1_121' title='bbox 752 1934 911 1960; x_wconf 84' lang='lat' dir='ltr'>summa</span> <span class='ocrx_word' id='word_1_122' title='bbox 934 1933 1064 1974; x_wconf 85' lang='lat' dir='ltr'>genus</span> <span class='ocrx_word' id='word_1_123' title='bbox 1089 1918 1220 1960; x_wconf 85' lang='lat' dir='ltr'>haesit</span> <span class='ocrx_word' id='word_1_124' title='bbox 1243 1918 1366 1968; x_wconf 90' lang='lat' dir='ltr'>ulmo,</span> 
     </span>
    </p>

    <p class='ocr_par' dir='ltr' id='par_1_22' title="bbox 490 1979 1249 2035">
     <span class='ocr_line' id='line_1_34' title="bbox 490 1979 1249 2035; baseline -0.001 -13"><span class='ocrx_word' id='word_1_125' title='bbox 490 1988 586 2023; x_wconf 88' lang='lat' dir='ltr'>nota</span> <span class='ocrx_word' id='word_1_126' title='bbox 609 1996 713 2035; x_wconf 87' lang='lat' dir='ltr'>quae</span> <span class='ocrx_word' id='word_1_127' title='bbox 739 1981 855 2023; x_wconf 83' lang='lat' dir='ltr'>sedes</span> <span class='ocrx_word' id='word_1_128' title='bbox 880 1980 1013 2022; x_wconf 89' lang='lat' dir='ltr'>fuerat</span> <span class='ocrx_word' id='word_1_129' title='bbox 1037 1979 1249 2030; x_wconf 85' lang='lat' dir='ltr'>columbis,</span> 
     </span>
    </p>

    <p class='ocr_par' dir='ltr' id='par_1_23' title="bbox 491 2043 1190 2159">
     <span class='ocr_line' id='line_1_35' title="bbox 491 2043 1190 2099; baseline -0.001 -14"><span class='ocrx_word' id='word_1_130' title='bbox 491 2050 530 2085; x_wconf 90' lang='lat' dir='ltr'>et</span> <span class='ocrx_word' id='word_1_131' title='bbox 555 2044 781 2099; x_wconf 84' lang='lat' dir='ltr'>superiecto</span> <span class='ocrx_word' id='word_1_132' title='bbox 803 2043 976 2098; x_wconf 87' lang='lat' dir='ltr'>pavidae</span> <span class='ocrx_word' id='word_1_133' title='bbox 1001 2049 1190 2084; x_wconf 85' lang='lat' dir='ltr'>natarunt</span> 
     </span>
     <span class='ocr_line' id='line_1_36' title="bbox 603 2105 959 2159; baseline 0 -13"><span class='ocrx_word' id='word_1_134' title='bbox 603 2119 777 2159; x_wconf 88' lang='lat' dir='ltr'>aequore</span> <span class='ocrx_word' id='word_1_135' title='bbox 803 2105 959 2146; x_wconf 86' lang='lat' dir='ltr'>damae.</span> 
     </span>
    </p>
   </div>
   <div class='ocr_carea' id='block_1_17' title="bbox 488 2177 1227 2416">
    <p class='ocr_par' dir='ltr' id='par_1_24' title="bbox 490 2177 1227 2219">
     <span class='ocr_line' id='line_1_37' title="bbox 490 2177 1227 2219; baseline -0.001 -1"><span class='ocrx_word' id='word_1_136' title='bbox 490 2178 664 2219; x_wconf 87' lang='lat' dir='ltr'>vidimus</span> <span class='ocrx_word' id='word_1_137' title='bbox 688 2177 839 2218; x_wconf 89' lang='lat' dir='ltr'>flavum</span> <span class='ocrx_word' id='word_1_138' title='bbox 865 2177 1045 2218; x_wconf 86' lang='lat' dir='ltr'>Tiberim</span> <span class='ocrx_word' id='word_1_139' title='bbox 1068 2177 1227 2218; x_wconf 85' lang='lat' dir='ltr'>retortis</span> 
     </span>
    </p>

    <p class='ocr_par' dir='ltr' id='par_1_25' title="bbox 488 2238 1167 2280">
     <span class='ocr_line' id='line_1_38' title="bbox 488 2238 1167 2280; baseline -0.003 0"><span class='ocrx_word' id='word_1_140' title='bbox 488 2239 604 2280; x_wconf 90' lang='lat' dir='ltr'>litore</span> <span class='ocrx_word' id='word_1_141' title='bbox 626 2238 805 2280; x_wconf 86' lang='lat' dir='ltr'>Etrusco</span> <span class='ocrx_word' id='word_1_142' title='bbox 829 2239 1025 2279; x_wconf 84' lang='lat' dir='ltr'>violenter</span> <span class='ocrx_word' id='word_1_143' title='bbox 1048 2238 1167 2278; x_wconf 81' lang='lat' dir='ltr'>undis</span> 
     </span>
    </p>

    <p class='ocr_par' dir='ltr' id='par_1_26' title="bbox 490 2299 1191 2416">
     <span class='ocr_line' id='line_1_39' title="bbox 490 2299 1191 2354; baseline -0.003 -13"><span class='ocrx_word' id='word_1_144' title='bbox 490 2301 547 2341; x_wconf 88' lang='lat' dir='ltr'>ire</span> <span class='ocrx_word' id='word_1_145' title='bbox 572 2300 774 2342; x_wconf 85' lang='lat' dir='ltr'>deiectum</span> <span class='ocrx_word' id='word_1_146' title='bbox 798 2306 1060 2341; x_wconf 82' lang='lat' dir='ltr'>monumenta</span> <span class='ocrx_word' id='word_1_147' title='bbox 1082 2299 1191 2354; x_wconf 83' lang='lat' dir='ltr'>regis</span> 
     </span>
     <span class='ocr_line' id='line_1_40' title="bbox 600 2360 1020 2416; baseline -0.002 -14"><span class='ocrx_word' id='word_1_148' title='bbox 600 2361 831 2416; x_wconf 87' lang='lat' dir='ltr'>templaque</span> <span class='ocrx_word' id='word_1_149' title='bbox 855 2360 1020 2410; x_wconf 86' lang='lat' dir='ltr'>Vestae,</span> 
     </span>
    </p>
   </div>
   <div class='ocr_carea' id='block_1_18' title="bbox 488 2433 1264 2660">
    <p class='ocr_par' dir='ltr' id='par_1_27' title="bbox 488 2433 1177 2487">
     <span class='ocr_line' id='line_1_41' title="bbox 488 2433 1177 2487; baseline -0.004 -11"><span class='ocrx_word' id='word_1_150' title='bbox 488 2435 589 2476; x_wconf 79' lang='lat' dir='ltr'>[liae</span> <span class='ocrx_word' id='word_1_151' title='bbox 613 2435 711 2475; x_wconf 89' lang='lat' dir='ltr'>dum</span> <span class='ocrx_word' id='word_1_152' title='bbox 735 2449 779 2476; x_wconf 86' lang='lat' dir='ltr'>se</span> <span class='ocrx_word' id='word_1_153' title='bbox 802 2433 971 2475; x_wconf 89' lang='lat' dir='ltr'>nimium</span> <span class='ocrx_word' id='word_1_154' title='bbox 994 2434 1177 2487; x_wconf 88' lang='lat' dir='ltr'>querenti</span> 
     </span>
    </p>

    <p class='ocr_par' dir='ltr' id='par_1_28' title="bbox 489 2495 1231 2550">
     <span class='ocr_line' id='line_1_42' title="bbox 489 2495 1231 2550; baseline -0.003 -13"><span class='ocrx_word' id='word_1_155' title='bbox 489 2496 612 2537; x_wconf 86' lang='lat' dir='ltr'>iactat</span> <span class='ocrx_word' id='word_1_156' title='bbox 634 2496 824 2545; x_wconf 88' lang='lat' dir='ltr'>ultorem,</span> <span class='ocrx_word' id='word_1_157' title='bbox 850 2510 980 2550; x_wconf 85' lang='lat' dir='ltr'>vagus</span> <span class='ocrx_word' id='word_1_158' title='bbox 1005 2500 1045 2536; x_wconf 88' lang='lat' dir='ltr'>et</span> <span class='ocrx_word' id='word_1_159' title='bbox 1069 2495 1231 2536; x_wconf 82' lang='lat' dir='ltr'>sinistra</span> 
     </span>
    </p>

    <p class='ocr_par' dir='ltr' id='par_1_29' title="bbox 489 2555 1264 2660">
     <span class='ocr_line' id='line_1_43' title="bbox 489 2555 1264 2611; baseline -0.003 -13"><span class='ocrx_word' id='word_1_160' title='bbox 489 2557 638 2598; x_wconf 88' lang='lat' dir='ltr'>labitur</span> <span class='ocrx_word' id='word_1_161' title='bbox 659 2557 749 2611; x_wconf 89' lang='lat' dir='ltr'>ripa</span> <span class='ocrx_word' id='word_1_162' title='bbox 771 2557 869 2598; x_wconf 87' lang='lat' dir='ltr'>Iove</span> <span class='ocrx_word' id='word_1_163' title='bbox 894 2571 974 2597; x_wconf 91' lang='lat' dir='ltr'>non</span> <span class='ocrx_word' id='word_1_164' title='bbox 998 2555 1192 2610; x_wconf 85' lang='lat' dir='ltr'>probante</span> <span class='ocrx_word' id='word_1_165' title='bbox 1218 2570 1264 2596; x_wconf 84' lang='lat' dir='ltr'>u—</span> 
     </span>
     <span class='ocr_line' id='line_1_44' title="bbox 601 2618 906 2660; baseline -0.007 0"><span class='ocrx_word' id='word_1_166' title='bbox 601 2619 739 2660; x_wconf 83' lang='lat' dir='ltr'>xorius</span> <span class='ocrx_word' id='word_1_167' title='bbox 765 2618 906 2659; x_wconf 80' lang='lat' dir='ltr'>amnis.</span> 
     </span>
    </p>
   </div>
  </div>
 </body>
</html>
