1500 2820
331 6 333 10 ⁴
356 7 373 21 t»
402 0 468 19 ἐπ’
484 0 492 14 ε

323 17 432 34 ⁰⁰⁰⁰

423 176 696 216 CARMINUM
719 176 817 213 Lm.
837 177 887 213 11.
1281 166 1334 210 41

109 298 116 303 '
145 303 211 333 me
234 286 367 330 dulcis
391 285 583 329 dominae
606 283 736 326 Musa
758 282 1006 339 Licymniae

145 356 308 402 cantus,
332 363 400 392 me
423 347 554 391 voluit
577 347 713 390 dicere
737 346 922 389 lucidum

145 414 351 472 fulgentes
375 411 517 455 oculos
542 416 584 453 et
607 410 714 453 bene
737 409 892 452 mutuis
1363 421 1404 453 15

226 476 355 520 fidum
378 481 523 532 pectus
548 473 777 525 amoribus3

142 573 268 615 quam
289 571 367 601 nec
389 555 497 599 ferre
519 554 670 612 pedem
694 553 886 596 dedecuit
910 552 1045 595 choris

142 636 219 664 nec
243 628 398 664 certare
420 619 512 663 ioco
535 633 612 661 nec
637 618 735 660 dare
758 615 929 659 brachia

143 685 354 728 ludentem
377 683 516 726 nitidis
541 681 771 738 virginibus
798 694 915 723 sacro

227 748 391 791 Dianae
414 745 587 790 celebris
613 745 692 787 die.
1361 754 1406 785 20

144 845 244 872 num
267 835 330 880 tu,
355 842 461 884 quae
484 827 616 869 tenuit
640 825 757 868 dives
782 824 1073 867 Achaemenes

144 898 215 935 aut
236 891 402 949 pinguis
425 890 636 947 Phrygiae
660 888 915 946 Mygdonias
940 903 1041 944 opes

144 961 374 1012 permutare
397 953 501 997 velis
526 954 636 996 crine
660 952 921 1008 Licymniae,

226 1018 369 1075 plenas
394 1024 466 1060 aut
488 1016 680 1060 Arabum
704 1016 865 1066 domos,

144 1098 243 1146 dum
265 1098 483 1156 flagrantia
506 1097 723 1153 detorquet
747 1097 802 1139 ad
825 1096 968 1139 oscula
1362 1111 1406 1143 25

144 1161 364 1212 cervicem,
390 1167 461 1203 aut
484 1160 597 1203 facili
622 1160 795 1203 saevitia
818 1166 955 1217 negat,

143 1239 249 1280 quae
272 1230 469 1281 poscente
493 1223 628 1281 magis
653 1223 834 1281 gaudeat
858 1223 972 1280 eripi,

226 1287 432 1331 interdum
454 1301 599 1344 rapere
623 1286 823 1343 occupet?

445 1439 708 1481 GARMEN
736 1439 864 1479 XIII.

76 1535 126 1569 IN
150 1535 407 1580 ARBOREM,
434 1537 578 1570 CUIUS
606 1536 736 1570 CASU
760 1535 1045 1570 REPENTINO
1071 1536 1238 1569 PAENE

393 1604 672 1639 OPPRESSUS
696 1605 914 1639 FUERAT.

172 1691 248 1734 Ille
273 1697 314 1734 et
337 1691 501 1735 nefasto
525 1697 566 1734 te
589 1691 730 1748 posuit
752 1690 819 1733 die

171 1755 420 1810 quicumque
443 1755 641 1812 primum,
668 1761 709 1798 et
733 1755 937 1812 sacrilega
960 1770 1086 1797 manu

227 1818 440 1874 produxit,
467 1818 609 1870 arbos,
633 1819 679 1860 in
700 1825 900 1874 nepotum

283 1881 507 1936 perniciem
530 1880 882 1937 opprobriumque
905 1882 1024 1938 pagi3

172 1960 289 2002 illum
313 1966 354 2003 et
376 1961 559 2016 parentis
585 1961 828 2003 crediderim
854 1961 918 2002 sui
1364 1975 1384 2005 5

173 2022 350 2079 fregisse
374 2023 577 2065 cervicem
602 2030 643 2066 et
666 2023 893 2079 penetralia

232 2085 435 2140 sparsisse
459 2092 660 2128 nocturno
686 2101 830 2129 cruore

287 2147 481 2204 hospitis3
505 2147 574 2190 ille
597 2163 759 2192 venena
784 2148 942 2192 Colcha

175 2233 215 2268 et
239 2227 441 2282 quidquid
464 2243 643 2284 usquam
666 2229 896 2286 concipitur
920 2229 1037 2272 nefas

176 2291 381 2341 tractavit,
407 2306 508 2348 agro
532 2292 604 2347 qui
629 2293 772 2335 statuit
795 2307 888 2335 meo
1366 2307 1408 2337 10

232 2359 272 2395 te
295 2353 410 2396 triste
433 2354 611 2411 lignum,
636 2362 677 2398 te
702 2356 905 2398 caducum

287 2416 330 2458 in
354 2416 510 2459 domini
533 2424 657 2475 caput
679 2418 945 2461 immerentis.

176 2495 276 2549 quid
298 2495 474 2551 quisque
498 2497 618 2549 vitet,
643 2513 856 2553 nunquam
879 2497 1038 2540 homini
1062 2498 1162 2541 satis

177 2566 342 2602 cautum
367 2568 429 2604 est
451 2562 495 2603 in
517 2562 660 2604 horas:
685 2562 826 2604 navita
848 2562 1084 2618 Bosporum

232 2621 399 2666 Poenus
422 2624 716 2681 perhorrescit,
741 2639 877 2680 neque
902 2625 1010 2667 ultra
1369 2639 1408 2669 15

291 2701 413 2729 caeca
435 2687 552 2730 timet
575 2688 739 2730 aliunde
763 2687 862 2739 fata,
