1500 2820
470 183 744 222 CARMINUM
765 182 865 220 LIB.
881 183 951 220 111.

527 361 880 402 OARMENX.

501 457 575 490 IN
633 458 663 490 L
692 457 719 489 Y
747 456 911 489 CEN.

225 545 472 590 Extremum
496 543 659 586 Tanain
684 542 720 584 si
742 542 926 594 biberes,
950 542 1070 599 Lyce

227 622 352 652 saevo
375 618 504 663 nupta
526 605 632 658 viro,
658 620 726 648 me
750 611 889 648 tamen
913 620 1081 662 asperas

280 676 513 728 porrectum
537 677 631 711 ante
656 669 766 712 fores
791 668 969 712 obiicere
992 668 1137 712 incolis

336 733 518 791 plorares
542 731 836 788 Aquilonibus.

225 827 361 878 audis,
387 840 469 882 quo
495 825 668 882 strepitu
689 825 831 876 ianua,
857 839 939 880 quo
963 840 1109 867 nemus

225 891 330 933 inter
352 889 526 947 pulchra
549 895 685 932 satum
709 894 818 930 tecta
840 888 1046 945 remugiat

279 953 432 1004 ventis,
458 959 499 995 et
520 952 678 1009 positas
703 957 749 993 ut
771 951 924 1008 glaciet
946 952 1064 994 nives

335 1031 439 1074 puro
463 1016 630 1058 numine
655 1015 866 1072 Iuppiter?

222 1111 427 1169 ingratam
450 1109 605 1153 Veneri
628 1125 736 1166 pone
761 1108 1016 1166 superbiam,

222 1189 275 1217 ne
299 1179 487 1217 currente
510 1179 619 1215 retro
643 1172 756 1215 funis
781 1178 848 1214 eat
871 1178 974 1214 rota.

278 1252 363 1280 non
386 1243 427 1279 te
449 1236 690 1292 Penelopen
713 1235 926 1278 difficilem
948 1235 1085 1292 procis

339 1299 582 1357 Tyrrhenus
606 1299 750 1357 genuit
771 1313 935 1355 parens.

223 1408 266 1444 ο,
291 1392 482 1448 quamvis
507 1406 642 1446 neque
666 1398 706 1433 te
729 1406 902 1433 munera
924 1405 1002 1433 nec
1025 1406 1169 1448 preces

221 1471 299 1500 nec
321 1457 473 1498 tinctus
497 1455 607 1498 viola
629 1454 762 1511 pallor
784 1455 1011 1497 amantium

277 1533 354 1562 nec
377 1519 441 1561 vir
463 1518 602 1560 Pieria
624 1518 771 1574 pellice
798 1518 963 1560 saucius

334 1588 495 1633 curvat,
522 1581 777 1637 supplicibus
803 1581 884 1623 tuis

220 1688 366 1731 parcas
374 1705 386 1725 ‚
410 1688 487 1716 nec
510 1673 644 1730 rigida
667 1673 829 1716 mollior
853 1673 1032 1724 aesculo,

221 1751 298 1779 nec
319 1736 482 1779 Mauris
507 1737 691 1778 animum
714 1736 852 1778 mitior
875 1736 1093 1793 anguibus.

277 1813 360 1841 non
382 1798 462 1841 hoc
486 1814 650 1855 semper
674 1799 750 1841 erit
772 1799 925 1842 liminis
950 1805 1022 1841 aut
1046 1814 1179 1855 aquae

334 1862 521 1905 caelestis
544 1863 706 1919 patiens
730 1862 851 1905 latus.

521 2029 780 2070 CARMEN
809 2031 892 2069 XI.

470 2127 545 2159 AD
582 2127 941 2161 MERCURIUM.

248 2210 433 2253 Mercuri
457 2237 511 2243 -—
535 2227 632 2254 nam
656 2218 695 2254 te
720 2212 864 2255 docilis
889 2214 1089 2270 magistro

251 2274 380 2316 movit
402 2274 617 2331 Amphion
639 2275 799 2331 lapides
824 2277 1010 2319 canendo
1035 2301 1090 2307 —

251 2343 377 2392 tuque
400 2339 564 2380 testudo
587 2353 781 2381 resonare
805 2346 964 2395 septem

335 2399 482 2443 callida
504 2401 655 2452 nervis,

250 2505 326 2533 nec
349 2491 501 2547 loquax
525 2492 623 2535 olim
645 2508 780 2548 neque
804 2501 941 2551 grata,
966 2509 1077 2537 nunc
1101 2503 1140 2536 et

251 2553 424 2596 divitum
447 2556 601 2598 mensis
627 2563 667 2598 et
691 2557 824 2598 amica
847 2557 1024 2612 templis,

252 2615 317 2657 dic
341 2617 505 2668 modos,
530 2618 654 2674 Lyde
678 2618 830 2673 quibus
853 2618 1082 2662 obstinatas

336 2678 512 2734 applicet
536 2695 675 2732 aures3

1413 1182 1456 1214 10

1412 1531 1453 1562 15

1411 1878 1456 1909 20
