1500 2820
36 227 37 230 Ἴ
468 177 769 217 SATIRARUM
791 177 891 215 Lm.
913 178 965 216 11.
1317 168 1399 211 177

23 253 246 354 {ag-ustula
267 285 370 330 mihi
391 285 619 343 porrexerit
639 284 712 327 ilia
734 283 911 327 rhombi.
1426 293 1470 325 30

23 357 130 413 (post
151 350 232 394 hoc
254 365 322 393 me
346 349 506 400 docuit,
530 347 738 392 melimela
759 347 909 390 rubere
933 347 1135 391 minorem

22 414 89 466 §d
109 414 253 458 lunam
275 413 448 456 delecta.
480 412 581 468 quid
603 411 685 454 hoc
707 410 887 462 intersit,
913 410 966 453 ab
990 410 1083 467 ipso

22 477 213 530 audieris
237 476 399 519 melius.
431 482 521 518 tum
543 474 738 518 Vibidius
761 473 996 516 Balatroni:

35 555 139 597 „nos
161 539 244 584 nisi
266 539 468 582 damnose
492 538 692 589 bibimus,
718 537 943 580 moriemur
965 536 1086 579 inulti
1092 538 1138 588 ;“

23 610 77 651 et
99 603 247 647 calices
270 603 406 659 poscit
428 602 618 644 maiores.
649 606 809 643 vertere
832 600 966 656 pallor
1428 610 1471 644 35

23 673 123 713 ·t·um
146 665 317 724 parochi
340 665 510 716 faciem,
536 664 595 707 nil
619 664 680 707 sic
703 663 924 706 metuentis
950 670 996 705 ut
1020 677 1136 706 acres

79 723 220 781 tores,
245 729 313 772 vel
336 729 450 784 quod
472 728 726 771 maledicunt
748 726 940 778 liberius,
966 726 1034 769 vel

34 745 196 839 {vida
219 792 333 848 quod
357 791 508 835 subtile
532 791 758 834 exsurdant
781 790 878 832 vina
901 789 1100 847 palatum.

35 855 246 909 invertunt
268 854 467 898 Allifanis
492 854 651 897 vinaria
674 860 761 896 tota

35 918 230 964 Vibidius
253 918 526 974 Balatroque,
552 917 738 973 sequutis
764 916 977 969 omnibus;
1002 916 1075 959 imi
1430 928 1474 960 40

37 983 237 1027 convivae
259 982 357 1025 lecti
379 982 555 1024 nihilum
579 996 758 1024 nocuere
781 980 954 1038 lagenis.

37 1045 208 1094 affertur
231 1045 404 1102 squillas
427 1046 536 1088 inter
557 1060 732 1087 murena
754 1050 944 1087 natantes

35 1106 80 1157 in
101 1109 244 1166 patina
265 1115 466 1166 porrecta.
494 1108 572 1151 sub
596 1108 676 1151 hoc
700 1108 838 1159 herus,
866 1107 996 1160 „haec
1019 1106 1232 1164 gravida‚“
1259 1105 1405 1161 inquit,

38 1179 187 1229 „capta
210 1180 293 1224 est,
318 1172 496 1214 deterior
519 1178 615 1228 post
638 1179 803 1228 partum
828 1185 950 1213 carne
974 1169 1126 1212 futura.

34 1234 101 1280 his
125 1235 302 1278 mixtum
324 1235 390 1278 ius
417 1242 498 1278 est:
523 1235 633 1287 oleo,
659 1236 773 1290 quod
795 1235 930 1291 prima
953 1233 1129 1276 Venafri
1432 1244 1476 1276 45

34 1299 188 1359 pressit
211 1299 335 1351 cella3
359 1314 464 1356 garo
488 1299 539 1341 de
565 1300 700 1342 succis
725 1299 852 1355 piscis
877 1298 1008 1350 Iberi3

35 1362 134 1406 vino
157 1362 431 1418 quinquenni,
457 1377 603 1405 verum
627 1363 730 1405 citra
754 1376 868 1404 mare
892 1367 1003 1412 nato,

36 1425 137 1472 'dum
161 1426 369 1482 coquitur;
395 1433 512 1469 cocto
539 1425 695 1469 Chium
721 1426 781 1468 sic
807 1425 1018 1476 convenit,
1045 1430 1091 1466 ut
1114 1439 1198 1466 non

35 1479 117 1547 1100
138 1489 274 1547 magis
299 1489 430 1531 ullum
453 1489 584 1541 aliud3
608 1489 751 1546 pipere
775 1488 871 1532 albo
895 1503 981 1531 non
1005 1488 1094 1530 sine
1119 1494 1248 1538 aceto,

38 1552 150 1609 quod
171 1551 516 1609 Methymnaeam
538 1552 640 1594 vitio
664 1551 886 1594 mutaverit
909 1567 1050 1594 uvam.
1435 1559 1480 1592 50

39 1611 182 1659 erucas
207 1615 379 1667 virides,
403 1615 539 1658 inulas
565 1630 645 1673 ego
668 1615 827 1672 primus
853 1630 1015 1657 amaras

38 1678 265 1723 monstravi
286 1678 528 1734 incoquere3
551 1679 692 1722 illutos
719 1677 921 1722 Curtillus
946 1677 1130 1728 echinos,

37 1747 85 1785 ut
107 1740 256 1784 melius
280 1741 432 1793 muria,
458 1756 585 1797 quam
609 1748 716 1789 testa
741 1741 901 1784 marina
923 1740 1134 1783 remittit.“

34 1802 195 1864 §nterea
218 1819 424 1862 suspensa
445 1819 596 1863 graves
621 1805 768 1848 aulaea
790 1805 931 1847 ruinas

35 1865 84 1926 in
106 1867 291 1924 patinam
313 1867 469 1919 fecere,
495 1868 699 1910 trahentia
722 1867 905 1924 pulveris
931 1866 1021 1918 atri,
1438 1877 1481 1908 55

35 1934 242 1987 *Quantum
265 1946 349 1974 non
371 1930 528 1987 Aquilo
555 1930 785 1988 Campanis
811 1931 964 1973 excitat
989 1929 1115 1987 agris.

39 2004 118 2046 nos
141 1993 277 2037 maius
301 1994 441 2045 veriti,
467 2000 690 2051 postquam
714 1993 817 2036 nihil
842 2008 936 2036 esse
959 1992 1105 2050 pericli

38 2056 268 2110 sensimus,
295 2057 510 2114 erigimur;
535 2057 674 2100 Rufus
699 2057 836 2114 posito
861 2056 1014 2113 capite,
1040 2062 1086 2098 ut
1111 2055 1147 2098 si

36 2117 152 2164 'filius
175 2119 420 2164 immaturus
445 2120 621 2172 obisset,
646 2120 757 2163 flere.
789 2120 883 2176 quis
909 2126 1020 2163 esset

37 2179 156 2237 finis,
180 2183 225 2225 ni
249 2183 414 2240 sapiens
440 2184 500 2227 sic
523 2184 810 2228 Nomentanus
835 2184 1016 2227 amicum
1441 2193 1484 2225 60

36 2245 220 2299 hlleret:
248 2245 374 2298 „heu,
398 2246 603 2299 Fortuna,
630 2248 723 2303 quis
748 2254 813 2290 est
836 2247 1041 2290 crudelior
1063 2247 1109 2289 in
1131 2261 1208 2289 nos

108 2309 237 2351 deus?
259 2316 307 2351 ut
331 2324 495 2367 semper
517 2312 678 2369 gaudes
702 2311 875 2354 illudere
899 2311 1025 2354 rebus

41 2391 91 2416 ..υ
114 2392 159 2411 n:
181 2372 278 2414 n's.“
309 2371 464 2417 Varius
487 2389 642 2432 mappa
665 2389 929 2432 compescere
953 2375 1085 2417 risum

137 2442 312 2492 poterat.
343 2436 515 2480 Balatro
541 2438 800 2495 suspendens
826 2438 965 2481 omnia
987 2452 1109 2480 naso:

35 2496 176 2562 1ιαθο
200 2506 265 2542 est
288 2499 468 2543 conditio
491 2501 705 2553 vivendi,“
731 2501 886 2552 aiebat,
915 2515 1074 2556 „eoque
1443 2509 1486 2541 65

44 2560 297 2619 fponsura
320 2569 391 2606 tuo
415 2579 628 2620 nunquam
652 2572 716 2608 est
738 2580 816 2622 par
838 2564 952 2606 fama
974 2563 1120 2606 labori.

71 2638 160 2677 me,
185 2632 232 2667 ut
255 2640 334 2683 ego
359 2627 540 2684 accipiar
561 2628 691 2679 laute,
716 2627 943 2683 torquerier
967 2627 1081 2669 omni

33 2690 36 2746 j
60 2705 89 2744 Ἴ·
128 2687 324 2732 'citudine
348 2690 606 2734 districtum?
628 2706 680 2735 ne
704 2691 824 2748 panis
849 2690 1038 2745 adustus,

68 2786 93 2802 -.
117 2764 267 2796 Horatius.
1139 2763 1189 2802 12
