1500 2820
223 213 279 258 32

155 341 198 372 25

152 677 195 708 30

149 1015 191 1045 35

147 1352 190 1382 40

146 2292 188 2323 10

147 2629 188 2660 15

653 224 695 267 Q.
715 222 929 260 HORATII
946 223 1128 261 FLACOI

443 327 568 377 Iuno,
595 333 635 368 et
657 327 826 369 deorum
849 327 1034 382 quisquis
1058 328 1225 371 amicior

443 387 558 431 Afris
582 388 712 430 inulta
733 395 911 431 cesserat
933 389 1134 445 impotens

498 451 657 501 tellure,
682 451 881 493 victorum
905 458 1072 507 nepotes

554 513 707 554 rettulit
730 513 895 554 inferias
919 513 1154 569 Iugurthae.

440 602 531 657 quis
555 617 638 644 non
659 602 811 644 Latino
836 602 1034 658 sanguine
1055 603 1246 659 pinguior

442 679 610 719 campus
635 663 832 719 sepulcris
855 664 981 719 impia
1002 665 1158 719 proelia

495 731 666 767 testatur
689 725 952 779 auditumque
976 724 1114 767 Medis

550 786 778 840 Hesperiae
803 787 980 828 sonitum
1002 787 1168 829 ruinae?

439 878 510 931 qui
532 891 683 933 gurges
708 882 779 918 aut
801 890 905 931 quae
929 876 1097 919 flumina
1118 877 1304 934 lugubris

439 940 582 995 ignara
604 938 724 980 belli?
747 939 854 993 quod
878 954 989 980 mare
1015 939 1205 981 Dauniae

494 1015 577 1042 non
599 1000 884 1042 decoloravere
907 1001 1080 1043 caedes?

549 1077 654 1117 quae
678 1068 787 1104 caret
811 1077 882 1104 ora
905 1077 1046 1105 eruore
1070 1063 1234 1106 nostro?

441 1153 514 1195 sed
536 1167 606 1203 ne,
630 1152 798 1202 relictis,
823 1151 950 1195 Musa
972 1167 1142 1209 procax,
1166 1154 1280 1205 iocis,

443 1214 553 1257 Ceae
577 1220 769 1256 retractes
793 1229 962 1256 munera
984 1216 1147 1257 neniae:

495 1291 656 1318 mecum
679 1275 868 1318 Dionaeo
892 1276 969 1318 sub
993 1283 1108 1319 antro

550 1352 699 1393 quaere
722 1338 866 1380 modos
890 1337 1040 1380 leviore
1063 1338 1229 1394 plectro.

711 1486 968 1526 OARMEN
996 1487 1056 1524 H.

520 1583 587 1614 AD
615 1582 657 1614 c.
685 1581 996 1615 SALLUSTIUM
1021 1582 1244 1615 CRISPUM.

436 1665 581 1707 Nullus
607 1671 774 1721 argento
799 1664 910 1707 color
933 1670 996 1706 est
1019 1664 1150 1706 avaris

437 1727 574 1769 abdito
598 1727 732 1778 terris,
757 1727 919 1768 inimice
941 1726 1100 1768 lamnae

438 1789 584 1844 Crispe
610 1787 796 1839 Sallusti,
821 1789 900 1830 nisi
923 1794 1145 1844 temperato

520 1850 730 1906 splendeat
753 1865 843 1892 usu.

435 1941 546 1982 vivet
570 1946 734 1982 extento
757 1939 996 1982 Proculeius
1021 1954 1134 1990 aevo,

436 2008 557 2044 notus
581 2003 624 2044 in
647 2002 792 2044 fratres
817 2002 940 2044 31111111
962 2002 1138 2058 paterni;

436 2064 551 2105 illum
575 2070 669 2120 aget
691 2078 827 2119 penna
849 2070 1054 2106 metuente
1078 2064 1181 2107 solvi

517 2125 648 2167 Fama
672 2131 890 2181 superstes.

435 2215 556 2256 latius
579 2229 726 2271 regnes
751 2216 917 2257 avidum
940 2216 1143 2258 domando

436 2277 639 2332 spiritum,
664 2291 787 2331 quam
812 2278 847 2318 si
869 2277 1050 2332 Libyam
1072 2277 1237 2319 remotis

435 2337 656 2380 Gadibus
645 2353 791 2394 lungas
816 2345 856 2380 et
878 2345 1047 2394 uterque
1068 2338 1232 2381 Poenus

519 2401 668 2442 serviat
689 2401 771 2442 uni.

435 2490 579 2532 crescit
600 2489 816 2545 indulgens
843 2489 920 2531 sibi
943 2490 1054 2531 dirus
1078 2490 1270 2544 hydrops,

434 2565 510 2593 nec
534 2550 643 2593 sitim
666 2551 796 2607 pellit,
821 2551 899 2592 nisi
923 2565 1070 2593 caussa
1093 2551 1223 2592 morbi

434 2613 585 2669 fugerit
607 2614 721 2655 venis
746 2619 785 2655 et
809 2627 986 2667 aquosus
1011 2613 1103 2655 albo

519 2689 685 2731 corpore
708 2675 891 2731 languor.
