1500 2820
166 648 206 678 10

164 985 204 1015 15

159 1321 201 1352 ‘20

153 2531 194 2562 10

663 200 706 242 Q.
725 199 938 236 HORATII
955 200 1139 241 FLACGI

455 302 659 356 poscentis
685 303 775 344 aevi
796 317 940 358 pauca.
964 304 1072 361 fugit
1093 312 1199 349 retro

456 363 556 404 levis
580 363 765 406 iuventas
789 371 830 406 et
853 366 990 417 decor,
1015 368 1129 409 arida

508 425 682 480 pellente
705 425 880 469 lascivos
905 443 1062 471 amores

565 487 710 529 canitie
733 487 975 543 facilemque
999 505 1198 534 somnum.

453 591 535 618 non
559 592 719 633 semper
741 578 850 620 idem
873 579 1039 622 floribus
1064 587 1126 623 est
1148 581 1278 626 honos

451 639 606 689 vernis,
630 653 762 694 neque
785 655 866 682 uno
889 641 1013 683 Luna
1035 641 1186 686 rubens
1209 644 1308 687 nitet

507 700 640 742 vultu:
666 701 764 755 quid
788 703 960 744 aeternis
985 704 1181 746 minorem

563 762 741 804 consiliis
766 763 945 806 animum
968 765 1144 821 fatigas?

452 865 524 892 cur
546 866 629 893 non
653 851 729 894 sub
753 853 835 895 alta
856 854 922 895 vel
944 854 1107 909 platano
1131 856 1197 899 vel
1218 856 1296 900 hac

450 912 550 967 pinu
572 913 750 956 iacentes
775 915 834 957 sic
857 921 1007 958 temere
1030 923 1071 959 et
1092 932 1187 960 rosa

506 988 629 1017 canos
653 976 809 1018 odorati
832 978 1012 1032 capillos,

561 1036 659 1078 dum
682 1037 793 1088 licet,
818 1037 1073 1094 Assyriaque
1096 1042 1222 1084 nardo

449 1133 638 1183 potamus
662 1128 797 1170 uncti?
819 1129 990 1185 dissipat
1012 1130 1143 1174 Evius

450 1203 567 1231 curas
593 1189 751 1231 edaces.
777 1191 867 1244 quis
890 1206 993 1246 puer
1015 1193 1128 1235 ocius

501 1251 727 1307 restinguet
749 1252 926 1295 ardentis
949 1253 1111 1295 Falerni

557 1312 706 1367 pocula
726 1319 1007 1369 praetereunte
1029 1315 1221 1372 lympha?

445 1402 537 1456 quis
561 1402 726 1444 devium
750 1410 927 1446 scortum
951 1404 1082 1446 eliciet
1104 1405 1225 1448 domo

446 1464 620 1520 Lyden?
643 1465 797 1507 eburna
820 1466 886 1508 dic
909 1481 985 1522 age
1010 1481 1103 1508 cum
1124 1467 1213 1523 lyra

500 1533 692 1578 maturet,
716 1527 759 1569 in
782 1534 960 1570 comtum
983 1529 1200 1571 Lacaenae

555 1603 667 1630 more
691 1603 827 1631 comas
851 1590 1020 1646 religata
1043 1591 1206 1633 nodum.

693 1737 951 1777 CARMEN
979 1739 1081 1777 XII.

516 1831 583 1862 AD
612 1831 654 1862 c.
682 1831 885 1865 CILNIUM
907 1832 1263 1866 MAECENATEM.

385 1911 499 1954 Nolis
523 1912 646 1968 longa
667 1913 777 1955 ferae
801 1914 907 1956 bella
929 1914 1172 1957 Numantiae

386 1988 462 2015 nec
485 1974 631 2015 durum
654 1974 928 2018 Hannibalem
953 1991 1028 2018 nec
1054 1976 1239 2020 Siculum
1262 1992 1384 2028 mare,

386 2034 527 2076 Poeno
550 2050 799 2091 purpureum
823 2038 1038 2093 sanguine,
1063 2037 1252 2080 mollibus

469 2097 596 2151 aptari
620 2097 796 2139 citharae
819 2099 964 2149 modis,

386 2200 461 2226 nec
486 2200 629 2227 saevos
653 2186 854 2241 Lapithas
879 2194 919 2229 et
941 2189 1110 2230 nimium
1134 2203 1245 2230 mero

384 2247 592 2302 Hylaeum
615 2248 870 2302 domitosque
894 2249 1100 2291 Herculea
1127 2265 1250 2292 manu

385 2308 537 2351 telluris
561 2309 747 2360 iuvenes,
772 2311 880 2352 unde
903 2311 1128 2365 periculum

466 2370 629 2426 fulgens
654 2371 892 2412 contremuit
915 2372 1060 2414 domus

386 2455 551 2499 Saturni
573 2458 720 2500 veteris
728 2474 739 2508 ;
763 2464 887 2512 tuque
910 2459 1164 2513 pedestribus

383 2519 493 2560 dices
517 2519 694 2560 historiis
718 2520 871 2574 proelia
895 2519 1096 2572 Caesaris,

383 2580 623 2631 Maecenas,
648 2581 792 2622 melius
817 2582 1017 2636 ductaque
1041 2598 1114 2638 per
1136 2584 1222 2625 vias

464 2656 606 2697 regum
630 2642 734 2684 colla
756 2643 985 2685 minacium.
