1592 2808
565 217 602 254 Q.
627 214 786 246 nomm
807 213 948 243 mom
1350 202 1481 238 xmn

35 302 234 347 memorat,
249 300 288 336 et
303 307 394 334 vero
412 294 524 333 etiam
539 291 745 337 Alcmanis,
771 301 913 326 summa
926 299 1023 336 quae
1050 298 1097 324 ue
1115 286 1350 333 perduceret.
1385 284 1485 328 Quo-

132 350 133 353 ’
179 351 184 354 “
243 344 254 353 “
283 371 293 391 ,
330 340 548 386 Simonidis,
589 338 746 375 aliorum
771 338 871 373 circa
883 334 1014 382 paucis
1053 333 1234 379 ispexisse
1247 331 1402 377 iuvabit,
1412 341 1488 377 qua

219 389 403 436 respexit,
429 387 525 423 sicut
549 397 594 422 ex
618 395 748 420 eorum
770 383 916 418 ratione
928 381 993 416 ille
1006 380 1045 415 in
1060 377 1400 424 condendislyricis
1409 387 1486 412 car-

164 438 170 442 '
205 434 253 473 tis
265 433 497 481 intelligitur.
517 431 601 475 Qua
611 441 651 466 re
664 430 745 475 ipse
770 428 932 463 minibus
957 429 1126 462 versatus
1153 424 1217 468 sit,
1251 423 1282 458 si
1311 423 1410 459 forte
1434 421 1489 458 ita

175 482 178 487 '
230 481 446 525 identidem,
458 489 530 514 nec
541 477 619 513 ullo
634 475 745 511 modo
771 474 854 510 fieri
865 472 998 519 possit,
1008 475 1050 507 ut
1061 482 1138 507 una
1151 471 1358 523 eademque
1374 479 1489 514 opera

103 529 106 534 ’
132 524 151 534 ”’
164 529 274 566 ulans
292 526 333 562 id
351 525 424 562 sibi
442 524 559 560 fuisse
577 521 747 569 proposi-
773 521 885 556 etiam
903 519 959 554 vis
985 522 1022 554 et
1039 521 1174 553 natura
1226 526 1324 551 oesxs
1348 514 1489 561 lyricae

107 574 126 597 '²⁷
137 574 139 579 ’
149 577 192 610 ut
201 573 359 621 lyricam
371 570 504 618 poesin
517 568 748 605 Graecorum
773 565 1004 602 Horatianae
1023 574 1099 599 non
1113 528 1490 608 nihifcognoscatur.

162 619 206 656 tii
238 619 359 654 solum
386 615 616 652 transferret.
652 614 749 649 Nam
806 612 988 649 Videmur
1013 613 1138 645 autem
1161 619 1238 644 non
1255 611 1396 642 temere
1417 608 1490 641 sta-

84 671 87 675 *
110 663 113 666 ⁴
167 664 304 702 HI.30.
325 663 482 707 ‚‚Dicar,
498 660 636 708 inquit,
650 660 749 705 pm'n-
774 662 879 693 tuere
900 660 938 691 et
956 655 1179 699 existimare,
1199 652 1398 689 Horatium
1416 651 1491 698 pri-

20 714 44 742 J
99 711 101 714 ’
137 711 298 747 Aeolium
322 720 460 745 carmen
488 709 535 742 ad
557 707 671 742 Italos
694 706 750 739 de·
774 715 873 738 mum
886 701 1036 748 quidem
1053 701 1262 736 iudicantes
1281 699 1366 734 ideo
1380 698 1419 732 in
1432 708 1493 732 co-

113 759 123 767 ”
153 769 173 793 e
189 758 320 792 modos.
345 753 464 791 Carm.
482 753 547 790 lv.
566 752 607 788 3:
651 751 751 792 Quod
775 749 888 785 lendo
903 748 1042 794 lyricae
1055 746 1182 793 poesis
1197 745 1320 780 studio
1333 743 1494 780 feliciter

35 800 212 850 ,ἡωιεενον
234 803 339 848 diqito
365 799 656 847 praetereuntium
678 797 751 831 Ro·
777 795 1007 839 elaborasse,
1017 793 1118 840 quod
1131 791 1360 845 genusillius
1372 789 1412 825 id
1423 789 1494 824 sibi

39 861 163 886 manae
172 850 298 896 fidicen
311 849 408 894 lyrae
421 849 494 882 etc.
521 842 755 882 carm.11.16:
776 840 1014 876 tractandum
1028 839 1180 885 deleglt,
1190 837 1292 884 quod
1301 847 1367 871 suo
1376 835 1494 881 ipsius

98 896 208 931 'vitum
251 893 382 928 Graiae
416 897 548 927 tenuem
583 890 754 924 Camenae
778 886 929 933 ingenio
950 889 1063 932 atque
1080 884 1203 919 animo
1222 882 1378 918 maxime
1393 884 1496 918 esset.

73 953 159 978 arca
188 952 259 975 non
287 939 433 974 mendax
463 938 562 972 dedit.
601 934 698 970 conf.
723 933 753 968 Ι.
780 932 1017 968 conveniens.
1044 929 1419 975 Quippeneutiquam
1431 926 1496 961 ille

41 986 98 1033 32,
117 986 151 1022 3.
185 985 252 1022 IV.
269 984 304 1030 3,
324 984 379 1018 12.
413 982 479 1020 IV.
493 982 526 1027 6,
545 980 600 1017 35.
635 980 700 1016 IV.
719 979 753 1024 9,
780 978 996 1024 complexus
1011 980 1069 1012 est
1082 986 1227 1011 omnem
1245 975 1386 1021 lyricae
1406 973 1496 1008 artis

42 1033 98 1069 11.
125 1032 158 1068 E
185 1030 246 1067 ist.
262 1029 292 1066 I.
305 1030 361 1075 19,
380 1029 436 1065 32.
469 1027 651 1065 Nimirum
675 1026 754 1071 glo-
780 1025 853 1059 vim
866 1018 1499 1068 rationemque,nequemultiplicia

43 1079 160 1115 riatus
199 1087 245 1112 ac
257 1087 297 1112 re
309 1078 424 1122 poeta
437 1078 495 1110 est
508 1084 596 1109 suae
606 1071 755 1107 sibivir-
782 1071 938 1106 odarum
962 1079 1104 1115 genera
1127 1070 1274 1103 tentare
1296 1077 1409 1102 ausus
1429 1067 1499 1100 est.

43 1123 132 1161 tutis
163 1121 334 1159 conscius
349 1148 359 1167 ,
396 1121 533 1174 quippe
565 1119 629 1165 qui
654 1117 757 1169 quod
781 1116 861 1169 Imq
874 1114 1165 1161 prudentissimo
1175 1113 1326 1148 delectu
1340 1122 1422 1147 eam
1433 1121 1500 1156 po-

45 1168 289 1222 opusprimus
301 1167 515 1213 incep1sset‚
534 1165 633 1200 idem
647 1169 758 1199 etiam
782 1163 963 1197 tismmum
975 1160 1116 1207 lyricae
1130 1158 1256 1206 poesis
1270 1162 1414 1204 partem
1428 1156 1500 1192 sibi

44 1210 758 1261 raramgeniifelicitateadfinemusque
785 1207 983 1243 colendam
1007 1205 1157 1250 sumsit,
1190 1204 1250 1240 cui
1278 1203 1499 1239 tractandae

44 1259 335 1308 profligavisset.
370 1259 467 1295 Nam
491 1255 656 1292 absolvit
670 1265 759 1290 sane
785 1258 898 1300 atque
910 1252 1156 1287 illustrandae
1172 1262 1254 1286 sese
1266 1250 1423 1285 maxime
1437 1259 1501 1294 pa-

47 1318 93 1343 ac
109 1305 268 1353 perfecit
284 1316 417 1340 munus
435 1303 509 1349 ipsi
526 1300 761 1351 propositum
784 1311 863 1335 rem
887 1298 1043 1334 sentiret
1066 1308 1161 1333 esse.
1215 1295 1364 1332 Etenim
1389 1306 1503 1341 quum

47 1352 120 1397 sic,
155 1355 199 1386 ut
221 1354 259 1387 et
281 1349 504 1404 aequalibus
534 1351 572 1384 et
599 1346 762 1394 posteris
787 1346 860 1381 duo
880 1343 1115 1391 potissimum
1134 1342 1274 1390 lyricae
1293 1341 1421 1387 poesis
1441 1351 1503 1386 ge-

47 1396 267 1434 inimitabile
284 1400 375 1432 artis
395 1394 602 1440 exemplum
625 1403 762 1439 propo·
786 1402 878 1427 nera
898 1390 1059 1425 discerni
1085 1392 1235 1436 queant,
1255 1399 1371 1423 unum
1390 1385 1503 1422 subli-

50 1443 169 1480 suisse
192 1441 378 1495 iudicatus
404 1441 470 1486 sit,
496 1440 599 1492 quod
616 1450 639 1475 a
656 1438 761 1474 nullo
787 1449 856 1482 me,
869 1436 1027 1489 grande,
1041 1433 1291 1487 magnificum,
1313 1433 1418 1486 cuius
1431 1431 1504 1478 pri—

48 1489 763 1579 ffiflffiffiiiiigssi‘hfflessiiffsessss-
787 1482 1507 1575 &iffizussssfflfistssiffgissfgx&timi

50 1579 156 1626 timii,
175 1590 271 1626 quos
289 1578 470 1614 Horatius
488 1579 570 1623 ipse
583 1580 766 1613 memorat
788 1574 943 1611 Pindari
966 1573 1175 1626 proprium,
1208 1571 1312 1607 cuius
1338 1568 1506 1617 magnifi-

50 1629 95 1665 ut
115 1625 254 1673 lyricos
279 1624 457 1672 aequales
481 1623 601 1669 Epist.
625 1623 654 1658 Ι.
672 1623 712 1667 3,
732 1623 764 1658 9.
791 1620 949 1657 centiam
969 1631 1051 1665 lpse
1070 1618 1251 1654 Horatius
1271 1616 1424 1664 egregie
1444 1616 1506 1651 de-

51 1670 172 1721 {Epist
183 1670 253 1716 Ι.5,
261 1671 316 1706 26.
331 1671 416 1706 coll.
432 1669 557 1705 Od.11.
565 1670 629 1714 6.,1
652 1672 765 1714 atque
790 1666 910 1713 pinxit
935 1664 1054 1701 Carm.
1068 1665 1133 1701 IV.
1146 1664 1198 1709 2.;
1225 1665 1383 1699 alterum
1407 1663 1505 1706 lene,

53 1714 176 1757 caesii
186 1716 307 1762 Bassi,
323 1716 369 1752 de
383 1726 457 1762 quo
467 1715 593 1751 Schol.
607 1715 765 1750 adPers.
791 1713 914 1756 molle,
940 1714 1198 1756 temperatum,
1219 1709 1320 1756 quod
1339 1719 1415 1743 non
1434 1711 1507 1742 tam

54 1761 121 1800 VI.
133 1763 178 1808 1.,
196 1762 257 1797 vix
269 1762 420 1797 nomina
438 1762 486 1796 ad
505 1772 575 1796 nos
589 1771 766 1806 pervene-
792 1757 952 1794 audacia
966 1768 1076 1803 quam
1098 1755 1282 1791 suavitate
1298 1766 1382 1789 cum
1396 1751 1510 1788 subli-

54 1812 159 1854 runt,
176 1808 313 1844 nedum
330 1811 373 1842 ut
391 1807 554 1843 carmina
573 1818 700 1842 eorum
720 1806 768 1841 ad
793 1804 919 1839 mitate
935 1803 1096 1849 quadam
1111 1802 1311 1837 coniuncta
1324 1799 1452 1843 utitur,
1472 1801 1511 1833 in

57 1853 310 1902 posteritatem
318 1853 510 1889 celebrata
518 1852 770 1888 sint.Postera
819 1862 868 1885 uo
882 1848 1058 1891 Alcaeus,
1076 1847 1228 1893 Sappho
1251 1846 1389 1892 aliique
1403 1844 1511 1891 lyrici

52 1902 180 1938 vaufem
197 1903 320 1935 aetate
345 1899 528 1935 neminem
548 1909 770 1944 quemquam
832 1895 933 1931 raeci
947 1895 1222 1937 excelluerunt,
1247 1891 1431 1928 Horatius
1444 1890 1510 1925 illo

60 1944 310 1991 exfifisse,qui
324 1944 573 1980 cumHoratio
588 1944 634 1978 de
645 1944 770 1988 palma
795 1942 874 1978 fere
907 1940 1096 1976 declinato
1133 1938 1323 1984 posterius
1354 1936 1511 1972 maxime

52 1993 191 2037 ,posset
213 1991 455 2035 contendere,
483 2002 595 2036 quum
620 1989 770 2024 aliunde
797 1990 960 2023 sectatus
988 1990 1062 2030 est,
1121 1985 1233 2031 uippe
1259 1983 1362 2030 quod
1388 1982 1511 2018 animo

61 2038 191 2072 notum
207 2036 266 2081 sit,
283 2039 361 2071 tum
407 2037 576 2081 erspicue
596 2035 770 2080 intelligi-
797 2044 864 2069 suo
890 2036 1025 2067 natura
1048 1997 1153 2065 mgili
1177 2041 1222 2065 ac
1245 2033 1376 2065 tenero
1404 2031 1441 2064 et
1465 2028 1513 2063 ad

62 2083 124 2116 tm·
141 2091 186 2118 ex
198 2081 348 2124 Quintil.
402 2109 410 2117 .
425 2082 469 2126 1.‚
490 2081 553 2128 qui
571 2081 772 2127 lyricorum
798 2079 1020 2114 suavitatem
1039 2076 1165 2122 potius
1187 2087 1296 2122 quam
1316 2075 1365 2110 ad
1379 2073 1513 2110 severi-

63 2125 143 2163 fere
166 2127 286 2163 solum
300 2127 498 2163 Horatium
524 2127 677 2173 dignum
695 2125 773 2172 legi
797 2129 912 2160 tatem
922 2127 1032 2169 atque
1048 2122 1514 2168 granditatemtemperato

64 2171 276 2209 arbitratur.
800 2171 937 2216 optime
965 2167 1190 2204 conveniret.
1237 2167 1282 2202 Id
1308 2166 1410 2212 quod
1433 2165 1514 2211 ipse

96 2217 176 2255 Nec
193 2229 282 2271 yero
296 2219 496 2255 obscurum
515 2222 589 2263 est,
617 2217 680 2264 qui
692 2216 774 2252 fieri
798 2227 875 2252 non
888 2226 961 2250 uno
970 2214 1226 2259 locoingenue
1240 2213 1438 2258 professus
1446 2215 1514 2246 est.

63 2266 239 2311 potuent,
257 2267 300 2300 ut
310 2264 490 2300 Horatius
502 2264 542 2298 in
554 2263 681 2310 lyricis
695 2266 774 2299 tan-
799 2263 895 2298 Nam
915 2260 1034 2296 Carm.
1047 2260 1113 2296 IV.
1127 2260 1160 2304 2,
1174 2258 1219 2294 25
1234 2270 1315 2305 sqq.
1336 2268 1419 2294 sese
1434 2268 1517 2292 cum

64 2314 142 2346 tam
158 2309 303 2345 virtutis
320 2309 492 2356 poeticae
506 2309 775 2355 praestantiam
801 2319 870 2354 ape
884 2306 1027 2342 Matina
1050 2309 1244 2351 comparat
1262 2307 1370 2351 grata
1386 2303 1517 2357 thyma

67 2359 367 2402 consequeretur.
403 2356 499 2391 Nam
525 2367 639 2402 quum
662 2355 775 2390 nemi-
799 2355 916 2389 multo
932 2364 1015 2388 cum
1027 2352 1158 2387 labore
1175 2354 1362 2396 carpente,
1378 2359 1516 2395 qulppe

56 2399 364 2454 ,nem-fereoillius
382 2402 568 2437 aemulum
590 2401 775 2446 habuerit,
803 2411 915 2446 quum
930 2409 1090 2444 operosa
1108 2409 1245 2443 parvus
1267 2395 1432 2431 carmina
1450 2393 1516 2429 fin-

44 2464 49 2493 i
67 2449 288 2498 tumlpsem
302 2447 527 2482 carminibus
540 2447 667 2493 lyricis
686 2458 776 2492 pan-
803 2450 878 2491 gat.
916 2445 1034 2479 Porro
1061 2442 1223 2479 Carm.1.
1238 2443 1277 2487 6,
1291 2443 1312 2477 9
1327 2452 1408 2487 sqq.
1435 2451 1516 2476 sese

43 2519 59 2539 ,,
95 2492 203 2527 endis
216 2502 263 2527 ea
280 2503 369 2527 usus
382 2496 440 2528 est
456 2496 535 2528 arte
556 2503 675 2538 eaque
693 2504 777 2538 pru-
803 2491 855 2527 ait
878 2502 901 2525 a
924 2489 1136 2536 pangendis
1169 2487 1339 2524 celsioris
1365 2485 1517 2532 spiritus

95 2537 206 2590 entiaz
233 2548 327 2590 quae
345 2537 466 2583 ipsum
482 2538 633 2573 iuvante
651 2538 779 2573 nativa
804 2535 1033 2572 carminibus
1064 2535 1149 2570 ideo
1182 2534 1389 2576 abstinere,
1429 2530 1518 2578 quia

45 2593 210 2639 ⁴&agenn
237 2583 365 2618 mdole
395 2583 434 2618 in
465 2595 532 2619 suo
562 2595 699 2631 genere
730 2584 779 2619 ad

43 619 67 632 ’⁴‘
92 630 100 635 γ.

803 2583 926 2628 pudor
943 2580 1180 2627 imbellisque
1199 2581 1305 2625 lyrae
1325 2578 1435 2613 Musa
1451 2588 1517 2623 po-

44 2658 77 2678 .;,.
803 2632 887 2664 tens
906 2630 1008 2662 vetet
1027 2627 1159 2662 laudes
1185 2623 1328 2671 egregii
1346 2622 1517 2659 Caesaris

37 2674 58 2729 ..²
71 2682 80 2695 ’ν
93 2675 121 2711 ,1
135 2675 181 2702 De
197 2676 243 2702 hls
260 2683 289 2701 v.
307 2676 459 2702 weichert.
477 2677 590 2703 Poetar.
607 2677 686 2703 Latt.
705 2677 778 2703 Rell.
805 2675 916 2719 culpa
929 2673 1095 2708 deterere
1108 2672 1146 2707 in
1176 2671 1247 2706 eni,
1285 2670 1429 2712 Quibus
1441 2680 1518 2704 non

35 2690 780 2808 qufflffiffggzgffiffissgfflfgssgffffffi
805 2717 1000 2754 dissimffia
1025 2722 1110 2753 sunt
1133 2718 1160 2752 il
1177 2728 1200 2752 a
1226 2714 1517 2758 carm.11.1,37

806 2777 887 2808 sqq.
900 2764 970 2800 III.
982 2763 1016 2808 3,
1031 2764 1085 2799 69.
1098 2763 1164 2800 IV.
1178 2762 1233 2808 15,
1247 2762 1280 2798 3.
1327 2762 1373 2797 In
1398 2760 1518 2797 cuius·

156 2779 288 2808 {domnus
299 2780 384 2806 homo
397 2786 470 2808 esse.
