1500 2820
329 13 332 16 ἢ
352 0 372 13 1„
385 0 453 16 μω..
466 0 474 9 -,
505 0 525 10 ff„

572 114 602 135 Ο

351 187 626 228 ΟΑΒΜΙΝΠΜ
652 188 748 226 LIB.
766 188 836 227 III.

137 296 211 340 sed
234 297 372 348 vides,
397 301 552 352 quanto
576 296 753 352 trepidet
776 296 955 339 tumultu

135 375 292 417 pronus
319 358 466 403 Orion.
491 373 571 416 ego
595 359 696 414 quid
720 359 774 402 sit
797 366 886 402 ater

137 423 323 466 Hadriae
346 423 445 466 novi
469 423 585 466 sinus
611 429 652 465 et
675 423 776 478 quid
800 423 919 466 albus

222 493 367 544 peccet
389 487 537 544 Iapyx.

136 579 319 623 hostium
343 594 493 622 uxores
517 579 718 636 puerique
744 594 890 622 caecos

137 643 316 687 sentiant
338 650 474 686 motus
500 643 669 686 orientis
694 642 844 686 Austri
869 650 910 686 et

136 706 326 763 aequoris
351 706 459 763 nigri
483 705 693 748 fremitum
719 713 760 749 et
783 712 1005 750 trementes

224 769 395 813 verbere
418 769 543 826 ripas.

140 857 200 900 sio
225 864 266 900 et
287 856 458 913 Europe
482 857 652 899 niveum
677 857 824 900 doloso

137 920 310 963 eredidit
334 926 452 963 tauro
475 919 584 962 latus
610 927 651 962 et
676 927 902 963 scatentem

136 983 283 1027 belluis
307 990 482 1040 pontum
507 984 748 1040 mediasque
774 985 943 1027 fraudes

220 1046 367 1103 palluit
391 1047 542 1089 audax,

136 1147 268 1189 nuper
291 1133 335 1175 in
358 1133 488 1189 pratis
514 1133 701 1175 studiosa
724 1133 873 1176 florum
898 1141 938 1176 et

136 1195 299 1238 debitae
322 1196 530 1252 Nymphis
555 1196 697 1252 opifex
721 1211 898 1239 coronae

135 1265 256 1302 nocte
281 1258 479 1301 sublustri
503 1259 605 1301 nihil
630 1266 741 1302 astra
764 1266 928 1316 praeter

223 1322 327 1365 vidit
351 1330 392 1364 et
414 1323 564 1365 undas.

136 1423 242 1464 quae
268 1408 391 1451 simul
416 1414 580 1451 centum
606 1409 741 1466 tetigit
766 1415 980 1466 potentem

135 1472 298 1528 oppidis
325 1470 497 1514 Creten:
526 1479 687 1528 „pater,
714 1488 738 1516 0
763 1473 950 1516 relietum

135 1536 242 1578 filiae
266 1550 437 1587 nomen,
461 1536 724 1593 pietasque,“
753 1537 870 1589 dixit,

224 1599 360 1651 „vieta
382 1598 542 1641 furore!

134 1684 245 1727 unde
271 1699 353 1740 quo
377 1684 498 1727 veni?
521 1685 624 1727 levis
650 1701 734 1727 una
756 1701 870 1728 mors
896 1693 960 1728 est

135 1747 344 1805 virginum
369 1748 528 1804 culpae.
555 1748 787 1805 vigilansne
811 1749 929 1805 ploro

136 1818 254 1867 turpe
279 1811 567 1862 commissum,
594 1827 647 1854 an
672 1812 781 1854 vitiis
807 1820 1016 1856 carentem

219 1874 326 1916 ludit
347 1875 488 1931 imago

136 1976 262 2011 vana,
289 1975 396 2015 quae
419 1966 540 2016 porta
564 1960 730 2017 fugiens
757 1961 915 2004 eburna

136 2023 343 2065 somnium
368 2023 506 2065 ducit?
529 2023 732 2066 meliusne
756 2024 907 2067 fluetus

136 2086 195 2128 ire
219 2101 294 2142 per
317 2086 465 2143 longos
490 2086 588 2137 fuit,
615 2102 668 2128 an
691 2094 878 2130 recentes

224 2164 391 2206 carpere
415 2149 563 2192 flores?

137 2235 173 2277 si
196 2235 289 2289 quis
314 2235 514 2277 infamem
537 2235 639 2277 mihi
663 2251 774 2279 nune
797 2237 1018 2280 iuvencum

136 2298 262 2340 dedat
283 2298 430 2349 iratae,
455 2298 635 2341 lacerare
661 2300 770 2342 ferro
795 2307 835 2342 et

137 2361 327 2417 frangere
352 2361 483 2404 enitar
506 2363 630 2405 modo
653 2363 830 2406 multum
855 2365 982 2407 amati

223 2438 377 2466 cornua
400 2425 585 2467 monstri.

137 2510 356 2566 impudens
380 2510 482 2566 liqui
505 2511 661 2567 patrios
686 2511 882 2563 Penates,

137 2573 356 2629 impudens
382 2573 543 2617 Orcum
566 2590 715 2618 moror.
742 2591 766 2618 o
792 2576 964 2619 deorum

139 2636 174 2678 si
198 2636 290 2691 quis
315 2637 417 2679 haee
441 2638 578 2689 audis,
604 2638 764 2681 utinam
787 2639 894 2681 inter
918 2655 1050 2684 errem

224 2700 336 2743 nuda
358 2700 518 2745 leones!

1306 498 1350 530 20

1305 872 1348 903 ‘25

1306 1212 1348 1244 30

1304 1553 1346 1584 35

1304 1891 1348 1922 40

1303 2255 1346 2285 45

1302 2593 1345 2624 50
