1500 2820
240 374 283 407 30

235 712 277 743 35

232 1048 276 1078 40

226 1412 268 1442 45

225 1747 266 1777 50

220 2085 262 2115 55

737 205 780 247 Q.
799 205 1013 243 HORATH
1029 209 1211 248 FLAOCI

529 320 604 347 nec
627 321 724 349 vera
745 308 891 360 virtus,
917 299 1043 364 quum
1067 314 1193 356 semel
1215 317 1374 368 excidit,

528 374 641 409 curat
664 369 805 424 reponi
827 371 1104 416 deterioribus.

582 429 617 470 si
639 437 795 486 pugnat
818 433 1012 476 extricata
1034 436 1171 479 densis

636 505 755 534 cerva
776 493 928 550 plagis,
954 496 1029 538 erit
1050 497 1118 540 ille
1140 498 1269 551 fortis,

527 580 596 634 qui
620 581 784 635 perfidis
809 597 853 624 se
877 585 1047 627 credidit
1068 586 1267 639 hostibus,

527 648 567 683 et
589 641 725 684 Marte
748 642 911 687 Poenos
935 654 1112 700 proteret
1135 649 1273 701 altero,

578 704 648 758 qui
670 704 757 746 lora
779 707 973 749 restrictis
996 709 1157 753 lacertis

633 766 759 807 sensit
781 766 887 810 iners
913 769 1124 825 timuitque
1148 778 1331 816 mortem.

519 853 603 904 hic,
628 855 736 896 unde
759 857 885 898 vitam
909 866 1086 901 sumeret
1108 860 1274 913 inscius,

520 929 664 970 pacem
687 917 822 960 duello
846 919 1020 962 miscuit.
1046 936 1070 963 o
1093 924 1242 977 pudori

575 991 599 1018 0
623 992 773 1034 magna
797 978 1022 1037 Carthago,
1047 984 1252 1038 probrosis

631 1038 748 1081 altior
769 1040 913 1084 Italiae
934 1043 1114 1086 ruinis!“

520 1128 648 1170 fertur
669 1130 842 1185 pudicae
866 1133 1049 1190 coniugis
1074 1136 1257 1179 osculum

518 1204 746 1246 parvosque
770 1199 904 1244 natos,
929 1201 975 1236 ut
997 1197 1139 1252 capitis
1163 1198 1305 1250 minor,

573 1251 624 1293 ab
650 1267 694 1294 se
717 1255 958 1307 removisse,
984 1263 1024 1298 et
1045 1258 1202 1301 virilem

628 1319 767 1357 torvus
790 1315 904 1358 humi
926 1319 1112 1373 posuisse
1134 1320 1304 1373 vultum,

515 1402 644 1444 donec
666 1403 849 1447 labantes
874 1407 1042 1450 consilio
1064 1409 1208 1452 Patres

514 1463 691 1506 firmaret
713 1473 854 1508 auctor
876 1483 1098 1523 numquam
1121 1471 1220 1514 alias
1244 1473 1352 1524 dato,

567 1525 750 1580 interque
774 1536 998 1572 maerentes
1023 1532 1175 1574 amicos

623 1589 811 1645 egregius
834 1601 1066 1647 properaret
1090 1595 1217 1637 exsul.

513 1677 624 1730 atqui
649 1678 818 1730 sciebat,
843 1694 948 1734 quae
972 1682 1049 1724 sibi
1072 1683 1267 1727 barbarus

513 1743 639 1780 tortor
661 1747 821 1794 pararet
828 1757 840 1791 3
863 1757 946 1784 non
968 1744 1083 1786 aliter
1106 1751 1242 1788 tamen

565 1801 734 1844 dimovit
757 1803 964 1847 obstantes
987 1807 1233 1862 propinquos

622 1870 662 1905 et
683 1865 880 1920 populum
902 1867 1055 1910 reditus
1078 1876 1314 1922 morantem,

510 1966 633 2005 quam
658 1953 692 1994 si
716 1954 907 1997 clientum
929 1956 1053 2014 longa
1075 1959 1238 2016 negotia

510 2013 729 2056 diiudicata
750 2016 819 2058 lite
842 2017 1096 2073 relinqueret,

564 2076 732 2118 tendens
757 2077 1011 2122 Venafranos
1034 2081 1077 2122 in
1099 2096 1219 2138 agros

619 2144 689 2178 aut
712 2138 1085 2184 Lacedaemonium
1109 2143 1343 2187 Tarentum.

767 2285 1025 2327 CARMEN
1052 2290 1130 2329 VI.

725 2378 804 2411 AD
846 2380 1168 2416 ROMANos.

475 2459 639 2502 Delicta
661 2461 858 2504 maiorum
881 2463 1105 2507 immeritus
1128 2465 1229 2517 lues,

476 2521 678 2572 Romane,
704 2523 833 2565 donec
856 2525 1006 2580 templa
1027 2527 1217 2570 refeceris

531 2583 733 2637 aedesque
755 2584 935 2627 labentes
960 2587 1127 2628 deorum
1150 2596 1190 2630 et

585 2644 706 2686 foeda
728 2646 844 2701 nigro
869 2647 1083 2690 simulacra
1105 2649 1232 2692 fumo.
