1500 2820
386 153 660 192 CARMINUM
682 151 782 190 LIB.
798 151 830 191 l.

344 320 608 363 CARMEN
635 319 866 360 XXXVII.

409 417 483 451 AD
515 415 798 451 sonALEs.

58 496 86 550 ,Γ
151 503 274 548 Nune
297 508 361 546 est
383 501 629 552 bibendum,
654 515 765 543 nunc
787 501 895 557 pede
919 500 1049 545 libero

86 551 90 562 η’
150 567 354 626 pulsanda
378 566 518 617 tellus,
543 579 654 607 nunc
681 562 911 608 Saliaribus

45 642 59 655 ‘
207 646 352 676 ornare
375 630 566 688 pulvinar
589 630 761 672 deorum

264 702 426 752 tempus
452 701 538 736 erat
562 692 759 749 dapibus,
785 692 969 744 sodales3

151 776 324 820 antehae
347 775 466 818 nefas
491 775 733 831 depromere
759 772 1003 816 Caecubum

151 840 264 884 cellis
289 839 429 890 avitis,
455 838 555 880 dum
581 836 788 894 Capitolio

206 902 350 960 regina
372 901 583 944 dementes
608 900 749 942 ruinas

262 965 388 1007 funus
413 971 453 1007 et
476 964 650 1021 imperio
673 962 847 1020 parabat

152 1046 427 1090 contaminato
453 1059 548 1088 cum
572 1059 700 1102 grege
725 1044 908 1101 turpium

149 1108 294 1152 morbo
317 1109 518 1159 virorum,
544 1107 745 1163 quidlibet
767 1108 972 1164 impotens

207 1186 372 1229 sperare
397 1171 645 1226 fortunaque
669 1170 782 1213 dulci

262 1234 388 1278 ebria.
415 1234 489 1277 sed
512 1233 660 1276 minuit
683 1233 866 1277 furorem

149 1318 221 1361 vix
244 1332 328 1360 una
351 1332 497 1373 sospes
520 1317 639 1359 navis
664 1316 717 1359 ab
741 1316 924 1374 ignibus,

149 1387 411 1436 mentemque
434 1379 692 1437 lymphatam
715 1379 948 1423 Mareotico

204 1444 364 1501 redegit
386 1444 430 1486 in
452 1458 574 1486 veros
599 1443 767 1486 timores

265 1506 440 1558 Caesar,
467 1505 520 1549 ab
544 1506 667 1548 Italia
691 1506 902 1549 volantem

149 1587 273 1630 remis
298 1585 526 1643 adurgens,
553 1586 749 1642 accipiter
771 1585 887 1628 velut

150 1650 294 1693 molles
319 1649 552 1701 columbas,
578 1656 649 1692 aut
672 1650 856 1706 leporem
881 1649 986 1692 citus

206 1719 376 1757 venator
398 1714 442 1756 in
465 1714 623 1771 eampis
647 1714 796 1757 nivalis

261 1777 540 1829 Haemoniae,
566 1778 683 1820 daret
706 1784 751 1820 ut
775 1778 931 1820 catenis

150 1859 275 1902 fatale
299 1865 547 1902 monstrum:
573 1873 680 1914 quae
705 1859 947 1916 generosius

150 1922 282 1979 perire
306 1937 528 1978 quaerens,
554 1937 632 1965 neo
655 1921 910 1964 muliebriter

207 1985 374 2042 expavit
398 1999 560 2036 ensem,
586 1999 663 2027 neo
686 1984 862 2026 latentes

265 2047 398 2090 classe
422 2047 502 2090 cita
524 2047 731 2104 reparavit
754 2062 861 2099 oras,

151 2144 253 2172 ausa
277 2134 318 2171 et
339 2128 542 2171 iacentem
566 2128 701 2171 visere
723 2129 883 2186 regiam

151 2192 269 2235 vultu
293 2206 456 2243 sereno,
482 2191 600 2235 sortis
625 2198 666 2235 et
690 2207 860 2250 asperas

208 2261 380 2298 tractare
406 2261 636 2312 serpentes,
660 2261 708 2298 ut
731 2262 866 2298 atrum

264 2333 431 2375 corpore
456 2318 708 2362 combiberet
730 2334 950 2370 venenum,

154 2398 378 2442 deliberata
400 2406 531 2442 morte
554 2399 744 2451 ferocior,

155 2461 289 2504 saevis
312 2461 511 2505 Liburnis
537 2462 694 2505 scilieet
716 2462 906 2504 invidens

209 2524 369 2580 privata
393 2525 542 2567 deduci
566 2525 747 2581 superbo

266 2601 349 2628 non
370 2587 536 2631 humilis
561 2588 708 2631 mulier
731 2587 952 2644 triumpho.

1231 144 1291 188 29,

1315 1119 1359 1151 10

1315 1454 1357 1486 15

1314 1787 1358 1818 20

1312 2137 1356 2170 25

1313 2472 1356 2503 30
