1500 2820
196 186 275 229 158
616 194 659 237 Q.
677 192 887 231 HORATH
909 191 1092 229 FLACCI

193 314 319 354 quum
341 299 473 355 rapies
496 298 540 340 in
561 298 625 339 ius
648 297 766 339 malis
788 297 986 339 ridentem
1009 295 1168 346 alienis,

192 361 262 402 fiet
286 375 399 416 aper,
425 361 547 402 modo
570 359 678 410 avis,
703 359 825 401 modo
849 374 994 401 saxum
1018 363 1070 408 et,
1096 372 1223 412 quum
1245 356 1365 407 volet,
1390 356 1500 400 arbor

193 423 229 464 si
251 422 357 464 male
379 437 466 463 rem
489 435 630 478 gerere
653 421 785 462 insani
809 426 888 471 est3
913 425 1053 462 contra
1074 418 1196 469 bene,
1223 418 1328 462 saniz

128 498 168 529 75
192 484 373 541 putidius
397 483 524 525 multo
549 482 759 525 cerebrum
783 488 863 532 est,
888 482 988 523 mihi
1012 481 1148 531 crede,
1173 480 1312 522 Perilli

192 546 380 588 dictantis
405 546 516 600 quod
539 551 583 586 tu
606 559 814 599 nunquam
836 543 1057 586 rescribere
1080 542 1227 598 possis.

193 608 332 650 audire
357 614 479 662 atque
503 613 641 663 togam
664 606 785 648 iubeo
810 620 1070 660 componere,
1095 603 1279 659 quisquis

192 669 411 712 ambitione
435 670 542 711 mala
566 675 636 710 aut
659 668 816 724 argenti
839 668 963 723 pallet
986 681 1122 709 amore
1130 683 1141 717 ;

191 731 375 786 quisquis
399 731 560 772 luxuria
584 730 739 771 tristive
764 730 1048 784 superstitione

125 807 168 839 80
191 799 262 836 aut
284 793 363 835 alio
386 793 532 834 mentis
557 792 698 834 morbo
723 792 844 842 calet3
868 791 948 833 huc
971 790 1138 846 propius
1162 804 1246 840 me,

191 855 290 896 dum
314 855 442 896 doceo
465 854 642 895 insanire
666 867 806 894 omnes
831 868 923 902 vos,
949 853 1089 894 ordine
1113 851 1232 893 adite.

191 917 326 959 danda
349 923 412 959 est
435 917 600 959 ellebori
623 916 751 957 multo
775 931 868 970 pars
892 915 1071 956 maxima
1094 914 1245 964 avaris3

191 979 330 1021 nescio
354 994 406 1021 an
429 978 671 1033 Anticyram
694 978 795 1019 ratio
819 977 898 1019 illis
923 977 1098 1018 destinet
1121 991 1295 1018 omnem.

191 1042 362 1083 heredes
389 1040 552 1084 Staberi
577 1055 778 1082 summam
801 1039 978 1080 incidere
1003 1038 1206 1094 sepulcro,

125 1117 167 1148 85
191 1104 234 1146 ni
259 1104 317 1146 sic
340 1104 552 1153 fecissent,
577 1103 848 1159 gladiatorum
872 1102 967 1143 dare
992 1107 1154 1142 centum

192 1166 373 1208 damnati
396 1165 547 1221 populo
571 1165 685 1220 paria
709 1170 830 1218 atque
854 1162 1020 1218 epulum
1043 1162 1207 1204 arbitrio
1231 1160 1346 1211 Arri,

190 1229 384 1270 frumenti
408 1235 605 1282 quantum
628 1227 743 1268 metit
764 1226 921 1267 Africa.
949 1226 1062 1277 „sive
1086 1239 1163 1282 ego
1186 1239 1328 1280 prave,

191 1305 266 1332 seu
287 1296 414 1340 recte,
439 1290 516 1331 hoc
540 1289 668 1331 volui!
694 1303 744 1330 ne
769 1288 825 1330 sis
848 1294 1017 1343 patruus
1041 1287 1190 1338 mihi;“
1217 1286 1336 1328 credo

190 1352 269 1394 hoc
297 1351 459 1395 Staberi
481 1352 723 1407 prudentem
747 1350 926 1391 animum
949 1349 1114 1391 vidisse.
1139 1349 1238 1403 quid
1261 1362 1357 1404 ergo

127 1427 168 1459 90
193 1414 337 1465 sensit,
363 1429 490 1469 quum
515 1428 716 1455 summam
739 1411 957 1467 patrimoni
978 1410 1206 1465 insculpere
1231 1424 1330 1451 saxo

189 1477 359 1518 heredes
384 1476 536 1518 voluit?
559 1475 694 1530 quoad
716 1474 835 1524 vixit,
862 1473 1032 1515 credidit
1054 1473 1200 1528 ingens

188 1538 424 1594 pauperiem
447 1538 608 1587 vitium,
635 1543 674 1578 et
698 1537 805 1577 cavit
827 1535 926 1576 nihil
950 1535 1081 1576 acrius
1089 1551 1100 1585 ;
1125 1540 1186 1584 ut,
1213 1534 1248 1575 si

190 1600 294 1642 forte
317 1600 452 1641 minus
475 1599 657 1654 locuples
682 1613 763 1639 uno
788 1598 1011 1652 quadrante
1034 1596 1200 1651 periret,

190 1663 278 1718 ipse
302 1662 506 1703 videretur
530 1660 608 1702 sibi
631 1660 812 1713 nequior.
837 1658 968 1700 omnis
993 1658 1100 1699 enim
1122 1672 1206 1707 res,

125 1738 166 1769 95
190 1724 337 1774 virtus,
363 1723 492 1773 fama,
518 1723 661 1772 decus,
687 1721 824 1762 divina
846 1720 1106 1774 humanaque
1128 1718 1307 1774 pulchris

190 1786 340 1828 divitiis
364 1791 507 1841 parent
514 1801 525 1835 ;
550 1799 652 1838 quas
676 1783 747 1838 qui
770 1781 1055 1831 construxerit,
1080 1781 1147 1822 ille

190 1848 323 1890 clarus
348 1847 440 1897 erit,
465 1847 600 1896 fortis,
625 1846 769 1887 iustus.
796 1843 1036 1900 sapiensne?
1058 1843 1199 1893 etiam,
1225 1848 1264 1883 et
1286 1855 1359 1882 rex

191 1916 231 1952 et
254 1909 452 1964 quidquid
474 1909 595 1950 volet.
621 1908 716 1958 hoc,
741 1906 868 1948 veluti
890 1906 1038 1947 virtute
1061 1911 1267 1960 paratum,

192 1971 370 2028 speravit
393 1985 566 2026 magnae
590 1969 702 2011 laudi
724 1969 824 2010 fore.
849 1968 948 2022 quid
972 1967 1102 2009 simile
1124 1966 1193 2008 isti

105 2048 168 2078 100
193 2033 377 2076 Graecus
401 2031 664 2087 Aristippus?
686 2030 758 2085 qui
781 2045 921 2072 servos
945 2029 1140 2085 proiicere
1163 2042 1307 2069 aurum

190 2097 233 2137 in
255 2095 390 2137 media
413 2094 532 2136 iussit
555 2093 710 2148 Libya,
735 2092 832 2146 quia
854 2091 1009 2133 tardius
1032 2090 1137 2132 irent

190 2164 355 2213 propter
378 2171 480 2198 onus
507 2170 667 2211 segnes.
692 2160 782 2196 uter
805 2159 867 2195 est
889 2153 1069 2195 insanior
1090 2150 1260 2193 horum?

191 2219 250 2261 nil
273 2219 358 2275 agit
382 2217 632 2273 exemplum,
657 2216 770 2258 litem
793 2215 904 2269 quod
926 2215 996 2256 lite
1019 2213 1197 2256 resolvit.

193 2281 228 2323 si
251 2281 341 2335 quis
368 2286 476 2321 emat
499 2279 692 2328 citharas,
719 2283 846 2319 emtas
872 2282 1097 2332 comportet
1119 2275 1162 2316 in
1184 2289 1329 2324 unum,

105 2357 167 2388 105
191 2358 267 2385 nec
292 2343 424 2385 studio
450 2342 627 2384 citharae
650 2355 726 2382 nec
749 2339 898 2381 Musae
922 2339 1083 2380 deditus
1109 2338 1197 2387 ulli3

192 2406 227 2447 si
252 2405 410 2461 scalpra
433 2411 473 2446 et
497 2404 648 2445 formas
673 2417 755 2444 non
779 2407 909 2452 sutor3
933 2400 1095 2442 nautica
1119 2399 1210 2440 vela

193 2482 359 2510 aversus
384 2466 640 2515 mercaturis3
665 2464 815 2506 delirus
841 2469 881 2504 et
904 2477 1043 2504 amens

191 2529 370 2583 undique
395 2528 552 2569 dicatur
574 2526 728 2568 merito.
755 2525 824 2579 qui
848 2525 1051 2579 discrepat
1072 2522 1180 2572 istis,

193 2591 263 2646 qui
286 2604 475 2631 nummos
500 2602 724 2642 aurumque
747 2587 948 2636 recondit,
973 2584 1135 2628 nescius
1158 2583 1219 2624 uti

106 2667 168 2698 110
194 2652 447 2708 compositis,
472 2657 738 2704 metuensque
762 2648 874 2690 velut
897 2648 1130 2703 contingere
1155 2642 1341 2687 sacrum?
