1500 2820
81 566 144 597 310

80 873 144 904 315

79 1181 143 1212 320

80 1489 144 1520 325

124 2046 143 2076 5

173 189 254 236 164
593 201 635 247 Q.
659 199 868 240 HossATn
889 201 1072 240 FLAcm

169 312 288 361 atque
313 307 434 348 etiam
457 307 662 348 insanum:
693 313 850 349 tantum
871 307 950 350 hoc
973 308 1164 359 edissere,
1186 321 1268 363 quo
1290 322 1356 350 me

169 374 377 423 aegrotare
399 375 518 423 putes
543 369 666 410 animi
689 369 800 411 vitio.
825 394 877 400 ——
902 369 1058 424 accipe:
1082 369 1258 424 primum

169 429 370 480 aedificas,
395 430 472 471 hoc
495 436 569 479 est,
594 429 739 486 longos
762 430 944 480 imitaris,
971 430 1022 472 ab
1044 431 1126 472 imo

168 491 220 532 ad
245 506 448 533 summum
472 498 580 532 totus
604 492 758 533 moduli
781 491 997 546 bipedalis3
1028 498 1068 533 et
1090 491 1198 533 idem

168 567 334 607 corpore
358 552 552 594 maiorem
574 553 681 594 rides
707 553 910 595 Turbonis
934 553 977 594 in
1000 553 1121 595 armis

169 614 355 669 spiritum
378 619 418 655 et
440 614 663 656 incessum:
695 615 764 668 qui
786 614 979 656 ridiculus
1003 614 1137 656 minus
1159 614 1254 656 illo?

167 691 221 717 an
243 675 526 729 quodcumque
549 675 647 717 facit
670 675 904 726 Maecenas,
930 683 969 717 te
993 691 1154 730 quoque
1177 691 1317 718 verum
1340 683 1399 718 est

167 743 324 778 tantum
348 737 587 778 dissimilem
611 743 650 778 et
673 744 784 779 tanto
809 743 962 779 certare
986 737 1207 780 minorem?

167 798 347 840 absentis
370 813 492 839 ranae
514 798 634 853 pullis
659 799 774 840 vituli
796 799 900 854 pede
922 800 1087 854 pressis,

167 875 274 901 unus
298 859 370 901 ubi
393 859 548 915 effugit,
573 860 691 901 matri
715 861 913 910 denarrat,
938 867 984 902 ut
1005 861 1149 917 ingens

166 921 303 963 bellua
325 927 520 976 cognatos
545 921 705 963 eliserit.
735 922 805 963 illa
827 937 988 978 rogare:

167 983 396 1037 quantane‘?
425 998 522 1023 num
546 989 719 1033 tantum,
746 983 919 1025 sufflans
945 999 1006 1034 se,
1031 999 1181 1040 magna
1203 983 1372 1026 fuisset?
1387 1006 1441 1012 ——

166 1045 296 1086 maior
319 1044 504 1085 dimidio!
531 1069 584 1074 —
608 1059 706 1085 num
730 1045 911 1086 tantum?
939 1071 992 1076 —
1016 1060 1141 1099 quum
1165 1045 1296 1101 magis
1321 1051 1441 1100 atque
1478 1060 1482 1079 ’-

168 1121 212 1147 se
235 1105 367 1160 magis
391 1105 566 1156 inflaret3
595 1120 678 1147 non
703 1107 737 1147 si
761 1113 800 1147 te
822 1107 998 1161 ruperis,
1023 1107 1166 1160 inquit,

165 1182 240 1224 par
263 1167 354 1208 eris.
385 1166 486 1208 haec
510 1183 534 1208 a
557 1174 596 1208 te
619 1182 700 1209 non
723 1168 896 1209 multum
921 1168 1077 1210 abludit
1099 1169 1248 1224 imago.

167 1229 271 1270 adde
294 1236 483 1284 poemata
505 1244 631 1279 nunc,
656 1229 734 1271 hoc
758 1236 838 1279 est,
864 1229 998 1271 oleum
1021 1230 1125 1271 adde
1149 1229 1326 1281 camin03

167 1305 272 1345 quae
296 1291 331 1332 si
353 1291 443 1344 quis
470 1306 592 1332 sanus
616 1291 730 1340 fecit,
758 1306 880 1332 sanus
904 1291 1006 1332 facis
1031 1297 1070 1332 et
1092 1297 1148 1332 tu.

166 1367 250 1394 non
274 1352 364 1393 dico
387 1352 628 1394 horrendam
651 1352 806 1394 rabiem
830 1378 884 1382 ——
912 1353 994 1394 iam
1018 1353 1169 1394 desine.
1195 1377 1248 1383 —-
1273 1352 1424 1394 cultum
1480 1370 1485 1379 ·

166 1413 361 1455 maiorem
384 1428 510 1455 censu
534 1439 587 1444 —
611 1420 767 1464 teneas,
793 1414 1064 1469 Damasippe‚
1090 1414 1170 1455 tuis
1194 1420 1246 1455 te.
1272 1439 1326 1444 —

166 1475 277 1517 mille
299 1476 543 1531 puellarum,
568 1490 784 1531 puerorum
809 1476 917 1517 mille
941 1476 1110 1517 furores.
1137 1501 1189 1506 --

168 1553 192 1580 o
215 1538 360 1588 maior,
386 1538 547 1579 tandem
571 1553 733 1593 parcas,
758 1539 918 1587 insane,
942 1538 1099 1578 minori.

669 1697 904 1736 SATIRA
931 1697 1002 1736 IV.

168 1785 290 1827 Unde
315 1791 355 1826 et
378 1800 458 1839 quo
484 1784 652 1826 Catius?
677 1809 728 1813 —
751 1799 834 1825 non
857 1789 919 1825 est
941 1783 1042 1824 mihi
1064 1789 1224 1838 tempus
1249 1782 1384 1823 aventi

167 1861 316 1902 ponere
341 1847 458 1902 signa
481 1846 597 1887 novis
621 1846 866 1901 praeceptis,
892 1845 1028 1899 qualia
1050 1845 1214 1886 vincant

167 1909 432 1964 Pythagoran
454 1907 665 1963 Anytique
687 1922 803 1948 reum
827 1908 1070 1961 doctumque
1093 1906 1278 1947 Platona.
1302 1929 1355 1935 -—

167 1981 380 2026 peccatum
403 1970 550 2019 fateor,
577 1984 702 2023 quum
726 1976 765 2010 te
790 1969 849 2010 sic
872 1975 1052 2024 tempore
1075 1968 1191 2010 laevo

167 2032 473 2087 interpellarim:
505 2032 577 2073 sed
601 2032 672 2072 des
696 2031 856 2073 veniam
880 2031 1012 2072 bonus
1037 2045 1119 2072 oro.

167 2095 278 2148 quod
304 2094 338 2135 si
361 2093 606 2134 interciderit
629 2093 702 2134 tibi
724 2107 832 2134 nunc
855 2092 1026 2147 aliquid,
1050 2097 1208 2147 repetes
1231 2105 1339 2140 mOX,

169 2156 255 2198 sive
279 2162 341 2197 est
364 2162 530 2196 naturae
553 2155 632 2196 hoc
656 2155 742 2196 sive
766 2154 882 2204 artis,
907 2154 1033 2195 mirus
1056 2159 1239 2206 utroque.
1265 2150 1318 2183 ‘—

168 2218 267 2272 quin
289 2218 332 2259 id
355 2223 440 2258 erat·
464 2231 601 2266 curae,
627 2231 708 2270 quo
731 2223 850 2271 pacto
876 2223 1022 2257 cuncta
1044 2221 1235 2264 tenerem,

167 2286 308 2334 utpote
331 2294 396 2321 res
422 2286 575 2329 tenues,
601 2279 711 2319 tenui
736 2293 919 2320 sermone
942 2284 1140 2333 peractas.
1166 2301 1219 2306 -——

106 2354 145 2384 ιο
169 2342 242 2382 ede
266 2341 440 2383 hominis
464 2355 630 2390 nomem
656 2340 776 2381 simul
800 2347 840 2381 et
863 2340 1072 2381 Romanus
1097 2353 1150 2380 an
1173 2337 1335 2392 hospes.
1359 2360 1413 2367 --

167 2403 258 2457 ipsa
281 2417 435 2444 memor
458 2408 674 2457 praecepta
697 2416 857 2451 canam,
883 2401 1078 2443 celabitur
1101 2405 1252 2441 auctor.

167 2464 291 2520 longa
314 2464 463 2518 quibus
487 2463 614 2504 facies
639 2463 726 2504 ovis
752 2463 843 2512 erit,
868 2462 937 2503 illa
961 2468 1164 2503 memento

167 2532 214 2566 ut
237 2526 348 2567 succi
371 2525 547 2566 melioris
573 2533 613 2565 et
636 2530 681 2565 ut
703 2524 833 2579 magis
859 2523 966 2564 alma
987 2522 1170 2564 rotundis

169 2602 319 2642 ponere
327 2604 337 2637 3
367 2601 544 2640 namque
568 2601 719 2626 marem
745 2585 934 2626 cohibent
957 2585 1108 2626 callosa
1130 2582 1324 2624 vitellum.

106 2662 146 2692 15
170 2650 284 2692 caule
310 2648 556 2699 suburbano,
582 2648 652 2703 qui
676 2648 794 2689 siccis
819 2648 945 2689 crevit
968 2648 1009 2688 in
1034 2646 1154 2701 agriS,
