1592 2808
161 203 272 234 XXII

1276 0 1340 15 ΠΗ
1348 0 1489 37 [ww

655 205 707 232 Dm
730 204 820 232 VITA
843 206 891 232 m·
915 205 1074 233 SCRIP'HS

156 282 289 331 poetae
306 281 382 313 tam
398 277 436 312 in
448 277 588 323 Epodis
608 288 717 324 quam
735 277 773 312 in
792 277 856 313 Sa-
880 282 965 323 post
992 278 1191 314 Homerum
1218 278 1390 315 universa
1423 277 1581 316 Graecia

156 328 235 359 tms
248 322 447 358 clarissime
461 322 630 357 cernitur.

199 367 345 403 Etenim

880 323 1032 359 maxime
1057 324 1236 358 admirata
1259 328 1331 359 est⁶
1371 323 1479 359 huius
1504 335 1580 359 car-

385 367 487 402 oesin
500 367 651 412 lyricam
663 367 857 402 Horatium
879 369 977 403 mina
996 379 1077 403 cum
1094 368 1246 403 Homeri
1269 371 1308 405 et
1321 350 1479 404 Hesiodi
1503 379 1579 404 car-

157 416 304 448 constat
316 379 401 446 inge
415 422 583 447 exorsum
598 423 690 456 esse,
704 416 746 446 ut
756 423 856 447 more
880 412 1036 447 minibus
1078 413 1320 448 decantarunt
1357 413 1425 448 rha
1453 413 1579 458 sodi31

156 456 553 510 modoqueAr-chilochio
563 457 744 491 scriberet.
753 457 856 498 Quod
880 458 978 509 hunc
992 458 1139 510 plurimi
1156 458 1194 492 in
1213 457 1353 493 deliciis
1371 457 1420 492 ha
1448 462 1581 492 uerunt

156 503 302 548 qmdem
314 502 757 552 prlmusmterpopulares
771 512 856 536 suos
881 506 918 536 et
940 502 1142 537 1m1tatione
1168 502 1415 547 celebrarunt,
1445 506 1488 536 ut
1509 501 1580 537 Ae-

154 547 320 582 tentavit.

345 546 591 588 Quamobrem
608 557 686 590 lpse
699 546 814 590 Epist.
827 546 856 581 I.
882 547 1047 592 schylus,
1084 546 1271 591 Cratinus,
1300 546 1578 592 Aristophanes,

154 591 270 637 19,23.
284 602 365 626 sese
379 591 506 625 scribit
517 590 718 636 principem
731 591 857 624 iambos
881 591 962 635 alii;
997 592 1095 626 hunc
1120 591 1278 636 denique
1302 591 1411 627 etiam
1433 591 1580 626 nobiles

154 637 334 671 ostendisse
351 636 462 677 Latio,
482 647 639 669 numeros
664 636 857 680 animosque
880 635 1107 681 grammatici
1125 635 1363 670 Alexandrini
1385 639 1427 670 ut
1447 635 1579 681 princi-

152 681 605 727 sequummArchochi,non
616 692 670 714 res
682 686 711 714 et
723 681 857 724 ayenlz'a
879 691 963 725 pem
986 685 1176 725 poetarum
1200 680 1438 716 iambieorum
1459 680 1498 714 in
1522 691 1579 715 ca-

153 727 256 761 verba
274 726 486 770 Lycamben5
509 724 571 770 qui
596 725 699 759 locus
724 725 772 758 ad
798 735 856 758 co-

154 770 404 816 gnoscendam
422 769 728 820 iudicandamque
746 769 855 803 ratio—

152 826 248 859 nem,
258 825 366 861 quam
373 814 410 848 in
424 813 627 848 scribendis
641 814 696 847 h1s
709 825 855 858 poema—

153 860 201 894 fis
224 859 358 903 tenuit,
390 859 501 904 longe
526 862 582 893 est
605 858 854 903 gravissimus.

154 903 354 939 Constituit
371 903 485 948 igitur
502 907 613 948 poeta
631 902 771 938 iuvenis
784 903 854 947 pri-

151 961 249 983 mum
266 949 305 983 in
322 948 464 993 Epodis
484 947 559 981 suis
577 947 709 982 imitari
727 946 854 981 Archi-

152 994 301 1028 lochum
318 992 483 1036 Parium,
503 992 554 1026 ita
573 992 737 1037 quidem,
758 995 800 1026 ut
819 996 856 1026 et

153 1038 311 1073 animum
334 1037 432 1071 illius
457 1036 676 1081 exprimeret
704 1040 741 1070 et
768 1037 854 1070 iam-

152 1083 256 1118 bicos
270 1082 349 1117 eius
367 1092 538 1116 numeros
557 1081 733 1115 imitando
753 1079 854 1115 effin—

152 1131 268 1173 geret.
307 1127 392 1161 Hoc
415 1137 502 1161 vero
529 1126 720 1160 consilium
745 1126 854 1171 quale

152 1177 190 1207 et
203 1175 378 1218 quantum
391 1170 512 1214 fuerit,
532 1171 584 1204 ita
598 1171 742 1205 demum
754 1174 854 1205 recte

151 1216 476 1259 aestimaverimus,
502 1215 566 1249 ubi
605 1215 725 1249 nantis
739 1215 854 1249 laudi-

152 1262 222 1296 bus
237 1264 351 1313 poeta
362 1260 492 1294 Parius
512 1271 584 1304 apu
628 1263 770 1294 veteres
790 1258 854 1293 flo-

150 1309 265 1341 ruent
277 1309 314 1340 et
325 1305 458 1350 quibus
472 1303 667 1338 virtutibus
680 1304 792 1338 fuerit
802 1304 854 1338 in-

152 1351 284 1396 signis,
310 1349 518 1384 accuratius
542 1348 854 1393 perpenderimus.

150 1395 295 1430 Etenim
307 1405 480 1446 magnum
493 1393 662 1438 profecto
677 1394 776 1437 apud
795 1404 853 1427 ve—

880 736 976 760 none
991 736 1055 759 suo
1076 728 1296 770 posuerunt,
1321 729 1454 777 postea
1471 725 1580 760 etiam

881 770 942 804 alii
966 770 1070 804 multi
1100 769 1368 804 commentarlis
1397 769 1581 804 illustran-

881 815 965 848 dum
988 814 1274 849 iudicaverunt.2
1316 814 1434 855 Quum
1459 818 1580 848 autem

879 859 916 892 in
935 858 1044 893 variis
1063 859 1261 894 carminum
1279 858 1491 904 generibus,
1515 858 1580 910 hy-

879 903 971 937 mnis
998 904 1126 948 elegis,
1140 902 1424 948 epigrammatis,
1443 903 1580 947 scoliis,

879 929 1027 991 fabufis,
1054 959 1134 982 cum
1147 948 1256 982 laude
1271 946 1517 982 elaboraverit
1528 950 1580 982 at-

879 1003 949 1038 que
975 993 1083 1027 etiam
1108 991 1355 1037 compluribus
1384 995 1581 1026 metrorum

880 1037 1093 1081 generibus,
1131 1047 1226 1082 quae
1251 1040 1430 1071 vocantur
1453 1035 1580 1070 Archi-

879 1081 1018 1126 lochia,
1060 1081 1217 1116 inventis
1254 1082 1373 1116 clarus
1408 1080 1580 1126 extiterit,

878 1130 1002 1160 tamen
1015 1126 1205 1160 maximam
1217 1125 1374 1160 nominis
1389 1125 1580 1160 celebrita-

877 1174 951 1205 tem
976 1171 1131 1215 adeptus
1155 1173 1212 1204 est
1233 1170 1460 1213 lamborum,
1487 1180 1579 1215 quos

879 1214 1055 1258 condidit,
1063 1215 1195 1249 virtute
1209 1218 1247 1249 et
1259 1214 1488 1259 excellentia,
1503 1213 1581 1259 qui-

879 1260 947 1294 bus
962 1259 1108 1305 quidem
1126 1258 1164 1293 id
1184 1259 1276 1304 egit,
1295 1262 1337 1293 ut
1350 1259 1515 1304 singulos
1529 1262 1581 1292 at-

880 1315 950 1350 que
982 1307 1102 1338 certos
1132 1303 1298 1338 homines
1327 1302 1580 1338 vehementius

878 1349 1123 1383 insectaretur
1144 1351 1254 1393 atque
1272 1348 1441 1382 acerbius
1460 1348 1582 1392 exagi-

877 1395 1006 1427 taret.8
1035 1393 1128 1428 Nam
1141 1393 1281 1436 iambus,
1294 1391 1414 1437 inquit
1425 1392 1580 1426 Proclus

151 1444 248 1475 teres
266 1438 480 1473 Archllochi
498 1438 598 1472 Parii
622 1449 754 1472 nomen
771 1437 852 1482 fuit,
877 1449 911 1482 p.
926 1438 957 1472 7.
977 1436 1256 1478 Chrestomath,
1281 1443 1312 1471 et
1329 1437 1375 1470 ad
1393 1437 1580 1470 convician-

150 1488 192 1519 ut
204 1485 298 1519 adeo
313 1494 379 1518 suo
397 1483 435 1517 in
448 1493 582 1528 genere
601 1482 677 1517 fere
691 1482 852 1517 Homero
878 1484 956 1516 dum
970 1483 1050 1516 olim
1063 1487 1279 1526 comparatus
1296 1481 1362 1524 fuit
1368 1493 1381 1523 ;
1405 1482 1582 1526 ἰαμβίζειν

150 1529 423 1575 parhaberetur
430 1538 474 1562 ac
482 1527 694 1572 simpliciter
701 1526 855 1578 ὁΠάριος
878 1528 963 1560 enim
1009 1528 1144 1571 linquae
1188 1527 1335 1571 quadam
1376 1527 1582 1578 proprietate

151 1573 298 1617 ποιητής
332 1573 590 1617 appellaretur.
643 1571 761 1606 Natus
790 1572 853 1605 111e
878 1572 1172 1605 contumeliose
1194 1572 1334 1605 dicere
1356 1571 1580 1622 eiqmficabat.

150 1618 222 1653 fuit
237 1618 276 1652 in
294 1618 390 1652 Paro
405 1617 541 1660 insula,
569 1627 677 1661 quam
696 1616 853 1660 patriam
879 1615 975 1650 conf.
1000 1615 1109 1650 etiam
1126 1614 1315 1650 Aristotel.
1340 1615 1480 1650 Poetic.
1505 1614 1580 1649 c.4.

151 1674 254 1698 suam
277 1666 400 1697 tamen
423 1662 494 1696 iam
517 1666 657 1694 mature
687 1660 853 1706 reliquit,
879 1660 1030 1701 Quintil.
1048 1659 1114 1694 IX.
1131 1659 1164 1704 4,
1186 1659 1261 1695 141.
1302 1659 1346 1693 In
1368 1658 1425 1693 his
1450 1659 1580 1694 iambis

149 1707 322 1759 migravit
335 1706 430 1741 enim
443 1705 661 1749 inThasum‚
671 1705 854 1740 Thraciae
878 1709 999 1739 autem
1022 1704 1159 1750 primus
1184 1704 1293 1739 etiam
1315 1715 1404 1738 usus
1423 1707 1480 1739 est
1502 1714 1580 1738 ver-

150 1752 324 1796 vicmam,
346 1762 439 1797 quae
458 1750 529 1784 fuit
539 1750 732 1784 Pariorum
756 1750 853 1784 colo-
879 1749 980 1783 sibus
999 1748 1170 1793 έπῳδοῒς,
1202 1748 1309 1782 sicuti
1326 1751 1484 1783 testatur
1496 1748 1581 1783 Plu-

150 1797 212 1832 nia
226 1795 369 1842 Olymp.
383 1795 466 1831 XV.
485 1795 545 1829 vel
563 1794 703 1830 XVIII.
724 1805 767 1829 eo
793 1795 853 1828 de-
878 1794 1026 1828 tarchus
1034 1794 1091 1828 De
1099 1793 1264 1828 Musica4
1281 1793 1580 1828 hisususverbis:

151 1842 272 1876 ducta.
297 1841 395 1884 Fuit,
415 1843 456 1874 ut
469 1838 596 1874 Cicero
611 1839 758 1883 refert‚1
781 1839 854 1873 iam
879 1838 1014 1891 πρώτῳ
1032 1837 1129 1882 αὐτῷ
1146 1837 1192 1872 τὰ
1209 1836 1334 1881 ἐπῳδὰ
1352 1835 1579 1872 ἀποδίδοται.

150 1886 308 1921 Romulo
322 1887 517 1930 regnante,
543 1887 580 1918 et
598 1883 696 1918 circa
709 1883 853 1928 Olymp.
877 1882 1054 1918 Nimirum
1072 1881 1215 1926 ἐπῳδοί
1227 1882 1374 1927 proprie
1389 1881 1478 1916 dicti
1497 1885 1581 1915 sunt

149 1930 295 1965 XXIII.
315 1942 342 1964 s.
361 1933 445 1964 ante
459 1927 543 1963 Chr.
562 1940 597 1962 n.
611 1928 687 1963 688.
700 1927 853 1962 maxime
878 1939 1005 1963 versus
1029 1927 1215 1962 breviores
1239 1926 1386 1961 iambici
1404 1926 1579 1972 longiori·

149 1975 331 2010 inclaruit.
365 1973 549 2008 Excelluit
560 1976 681 2007 autem
719 1984 804 2006 uum
817 1972 854 2006 in
877 1973 948 2007 bus
967 1971 1133 2006 versibus
1152 1970 1308 2006 subiecti
1340 1974 1382 2005 ut
1397 1970 1455 2005 his
1475 1970 1582 2016 quasi

151 2019 317 2065 elegiaco
335 2018 460 2064 poesis
479 2028 615 2063 genere
635 2017 682 2052 ab
694 1984 854 2052 ‘ionibus
878 2017 1046 2052 accinere
1058 2016 1260 2051 videantur.
1289 1997 1350 2066 131·
1358 2026 1430 2061 quo
1443 2015 1581 2050 factum

151 2064 313 2110 inprimis
328 2064 527 2107 celebrato,
540 2066 617 2096 tum
629 2062 783 2096 maxime
797 2072 840 2097 eo
879 2065 945 2106 est,
959 2064 1000 2095 ut
1012 2061 1142 2096 eodem
1149 2060 1295 2095 nomine
1303 2063 1413 2095 etiam
1421 2060 1581 2095 carmina

152 2109 253 2161 quod
265 2109 442 2151 iambum,
467 2107 539 2142 hoc
553 2110 625 2151 est,
646 2117 792 2141 carmen
807 2088 854 2141 ad
879 2106 1154 2151 appellarentur
1166 2116 1211 2140 ex
1230 2104 1395 2139 versibus
1415 2104 1579 2150 epodicis

150 2153 306 2188 ridenda
324 2152 510 2186 hominum
534 2151 623 2186 vitia
641 2162 750 2185 versu
767 2151 854 2185 iam·
880 2150 1092 2195 composita.
1124 2150 1241 2191 Quam
1270 2161 1352 2184 uam
1371 2149 1500 2183 merito
1515 2149 1579 2182 du—

149 2198 235 2234 bico
250 2197 503 2242 compositum,
517 2200 555 2231 et
566 2196 703 2241 primus
715 2196 856 2230 invenit
878 2196 991 2239 bites,
1026 2206 1113 2229 num
1136 2195 1215 2239 ipse
1295 2193 1484 2228 chilochus
1508 2192 1581 2227 hoc

151 2247 189 2278 ct
212 2243 261 2278 ad
285 2251 459 2276 summam
478 2241 566 2275 artis
589 2240 854 2286 perfectionem
878 2251 1011 2274 nomen
1023 2238 1154 2274 iambis
1174 2239 1247 2273 suis
1265 2237 1455 2282 indiderit,
1481 2238 1580 2283 quod

151 2287 323 2323 excoluit.
360 2286 440 2327 Quo
453 2286 600 2320 nomine
615 2285 757 2320 etiama
771 2285 854 2320 Vel·
906 2284 1082 2319 osteriore
1108 2284 1252 2318 demum
1275 2287 1439 2327 tempore
1465 2281 1580 2316 credi-

151 2332 224 2367 leio
254 2331 476 2366 Paterculo2
506 2330 644 2365 eximiis
675 2333 855 2364 mactatur
877 2297 952 2364 {ile
971 2333 1028 2363 est
1046 2339 1069 2362 a
1088 2326 1343 2363 Grammaticis
1367 2330 1580 2371 usurpatum

151 2377 344 2421 laudibus,
392 2375 529 2420 quippe
571 2374 634 2419 qui
673 2374 854 2409 neminem
880 2384 973 2418 esse,
994 2372 1100 2407 sicuti
1118 2372 1296 2406 iudicavit
1314 2371 1423 2406 etiam
1435 2370 1578 2406 Liebel.

153 2432 372 2468 quemquam
383 2419 536 2465 reperiri
550 2420 758 2463 arbitretur,
778 2419 852 2464 qui,
879 2419 926 2453 ad
933 2417 1142 2452 Archiloch.
1155 2428 1191 2461 p.
1203 2416 1257 2450 45.
1271 2419 1309 2450 et
1319 2427 1355 2460 p.
1369 2415 1444 2450 162.
1469 2414 1578 2450 Caus-

153 2467 256 2501 cuius
287 2465 408 2511 operis
436 2465 589 2510 primurn
619 2464 698 2508 ipse
728 2468 855 2499 auctor
880 2474 956 2497 sam
969 2467 1089 2497 autem
1102 2465 1139 2496 et
1158 2460 1335 2506 originem
1347 2459 1503 2495 nominis
1516 2460 1579 2493 du—

151 2511 279 2555 fuerit,
308 2512 347 2544 in
371 2521 414 2545 eo
441 2509 615 2544 continuo
642 2509 750 2543 etiam
773 2519 853 2554 per-
911 2533 926 2557 1
944 2530 1248 2562 Athen.xtv.p.s2o.

152 2555 374 2591 fectissimus
389 2554 549 2589 extiterit
559 2557 708 2599 praeter
719 2553 856 2587 Home-
911 2566 926 2590 2
945 2572 973 2589 v.
987 2555 1104 2595 Quintil.
1117 2563 1152 2588 x.
1167 2564 1192 2588 1.

152 2611 231 2635 rum
251 2603 288 2634 et
299 2598 571 2634 Archilochum.
606 2598 737 2644 Itaque
756 2598 854 2632 hunc
878 2633 893 2658 6
911 2595 1480 2662 {3ssgqgsst·lEfgst3-oadclgffoffdvi'lggqb
1488 2593 1577 2626 mpod.

895 2650 902 2663 ‚
951 2649 958 2656 .
1060 2648 1068 2655 .
1097 2648 1104 2655 .
1153 2649 1159 2659 ‚
1207 2647 1214 2654 .
1285 2647 1294 2655 .
1353 2647 1362 2655 .
1389 2645 1397 2655 .
1444 2646 1451 2659 ,
1482 2645 1490 2654 .

185 2670 201 2695 1
219 2668 331 2694 Tuscul.
343 2668 366 2692 Ι.
380 2670 404 2693 1.

911 2666 927 2690 4
945 2665 975 2690 Ρ.
989 2665 1063 2690 1141.
1078 2664 1121 2688 cd.
1134 2664 1261 2689 Francos.
1275 2662 1444 2689 etVictorIn.
1457 2661 1577 2687 Οτι-1111111.

188 2704 204 2728 2
221 2702 285 2728 Lib.
298 2703 321 2728 1.
334 2703 359 2727 5.
877 2706 906 2731 p.
920 2699 995 2724 1251.
1010 2698 1053 2723 cd.
1066 2698 1180 2723 Putsch.
