1500 2820
473 179 772 219 SATIRARUM
793 179 892 216 LIB.
909 180 959 216 11.
1313 169 1396 212 157

21 438 32 457 ι
90 404 190 461 ⁴tus
212 416 335 459 iussit
359 415 586 472 sapientem
609 428 781 470 pascere
807 412 996 462 barbam,
1421 422 1464 455 35

22 501 32 519 ι
47 476 62 531 ἦ
77 495 159 524 ue
182 495 208 523 a
229 478 422 522 Fabricio
446 493 531 520 non
554 477 711 520 tristem
736 482 861 532 ponte
885 474 1047 517 reverti.

50 532 124 581 “m
139 575 153 596 ,
177 542 285 586 male
309 557 354 584 re
378 547 510 598 gesta,
536 555 663 596 quum
687 539 837 582 vellem
861 539 1022 580 mittere
1047 543 1190 594 operto

38 599 100 642 v'2
129 606 263 663 capite
286 605 331 647 in
353 604 527 655 flumen,
553 604 697 645 dexter
721 602 833 645 stetit
857 608 898 644 et
923 600 1039 645 Cave
1063 600 1173 643 faxis

40 666 86 723 'J
102 669 330 726 quidquam
354 667 591 724 indignum:
615 666 766 723 pudor,
791 665 942 720 inquit,
969 671 1008 707 te
1033 663 1166 706 malus
1193 663 1327 720 angit,

138 747 204 775 os
228 731 300 787 qui
323 731 430 773 inter
452 744 620 772 vereare
644 729 816 772 insanus
840 728 996 771 haberi.
1421 739 1466 770 40

18 845 20 850 Ι
76 794 215 838 'mum
238 810 336 837 nam
359 793 584 849 inquiram,
610 792 711 848 quid
735 792 789 834 sit
812 791 968 834 furere:
994 791 1073 833 hoc
1098 790 1132 834 si
1158 789 1235 832 erit
1257 789 1301 832 in
1325 795 1365 831 te

18 856 19 879 ³
58 855 146 910 Jo,
171 857 230 900 nil
253 857 369 900 verbi
391 871 537 914 pereas
563 856 664 912 quin
687 855 847 898 fortiter
871 855 1034 897 addam.

104 937 160 964 m
183 921 294 964 mala
318 920 491 963 stultitia
514 925 555 962 et
578 933 881 975 quemcumque
905 918 1068 960 inscitia
1092 917 1178 959 veri

98 1004 111 1022 ι
134 999 207 1027 um
230 983 334 1041 agit,
359 984 554 1026 insanum
580 982 807 1039 Chrysippi
830 982 1014 1038 porticus
1039 988 1080 1023 et
1103 996 1207 1038 grex

16 1103 17 1106 Ἴ
39 1043 82 1096 1⁸³
93 1053 235 1091 tumat.
261 1047 365 1089 haec
388 1046 584 1103 populos,
610 1046 714 1088 haec
737 1060 912 1102 magnos
937 1044 1115 1087 formula
1138 1058 1278 1101 reges,
1424 1056 1468 1088 45

51 1109 68 1129 '⁵⁷
93 1117 211 1168 cepto
236 1111 440 1167 sapiente,
467 1115 591 1152 tenet.
646 1124 727 1152 unc
752 1109 912 1166 accipe,
939 1123 1066 1164 quare

22 1165 243 1230 ‹ffisipiant
266 1188 410 1216 omnes
436 1187 567 1228 aeque
619 1187 641 1215 c
666 1179 728 1224 tu,
755 1172 827 1227 qui
851 1171 926 1215 tibi
949 1186 1101 1214 nomen

22 1231 183 1291 {fisano
205 1251 396 1294 posuere.
421 1236 536 1278 velut
561 1236 695 1286 silvis,
721 1235 794 1278 ubi
817 1236 975 1292 passim

23 1302 53 1355 γ’
162 1306 224 1342 tes
249 1314 362 1342 error
385 1306 496 1342 certo
522 1299 574 1341 de
598 1299 761 1342 tramite
783 1299 918 1356 pellit,

22 1362 30 1404 i
131 1363 433 1414 sinistrorsum,
458 1362 526 1405 hic
550 1363 813 1405 dextrorsum
837 1362 923 1404 abit
930 1379 942 1414 3
968 1377 1075 1405 unus
1099 1362 1263 1417 utrique
1427 1375 1471 1407 50

22 1426 51 1466 ε’
78 1475 79 1478 ¹
130 1441 152 1468 r
174 1425 249 1468 sed
272 1425 397 1468 variis
421 1425 556 1467 illudit
579 1425 784 1482 partibus:
810 1425 889 1468 hoc
913 1432 954 1468 te

23 1508 30 1526 ι
86 1529 90 1533 ᾗ
109 1489 160 1531 de
183 1489 308 1531 modo
331 1489 543 1540 insa-num,
568 1489 696 1531 nihilo
719 1495 767 1530 ut
791 1489 1016 1545 sapientior
1038 1488 1127 1539 ille,

15 1570 29 1589 4τι
43 1550 112 1619 μ
134 1557 176 1594 te
199 1551 376 1603 deridet,
402 1552 578 1594 caudam
602 1551 750 1594 trahat.
777 1558 840 1594 est
863 1567 997 1608 genus
1022 1566 1151 1593 unum

24 1634 29 1655 ι
42 1613 237 1676 stultitiae
261 1614 436 1657 nihilum
459 1616 682 1657 metuenda
706 1615 909 1666 timentis,
935 1621 982 1657 ut
1004 1615 1143 1673 ignes,

24 1679 90 1729 “OE.
107 1693 232 1735 rupes
255 1678 488 1735 fluviosque
511 1679 555 1721 in
579 1694 726 1735 campo
751 1678 916 1721 obstare
941 1685 1155 1734 queratur:
1428 1693 1470 1723 55

22 1735 232 1802 tfflerum‚
257 1747 299 1784 et
321 1742 418 1784 huic
441 1757 607 1794 varum,
634 1749 675 1785 et
697 1743 825 1785 nihilo
851 1743 1097 1799 sapientius,
1122 1743 1242 1800 ignes

23 1807 115 1871 {pr
135 1805 294 1848 medios
318 1804 552 1860 fluviosque
574 1806 751 1857 ruentis3
777 1806 926 1848 clamet
950 1806 1100 1857 amica,

23 1874 189 1929 =ffaten
213 1867 388 1911 honesta
412 1883 530 1911 soror
553 1883 648 1910 cum
672 1870 878 1926 cognatis,
903 1876 1038 1925 pater,
1063 1885 1186 1912 uxor:

24 1928 109 1981 ffffin
131 1932 247 1976 fossa
271 1940 335 1976 est
356 1933 526 1991 ingens,
551 1933 619 1976 hic
642 1949 767 1990 rupes
791 1934 991 1985 maxima,
1020 1933 1158 1976 serva!

23 1992 126 2049 wion
148 1996 283 2053 magis
309 1997 502 2047 audierit,
529 2011 655 2052 quam
678 1997 824 2039 Fufius
851 1997 989 2039 ebrius
1015 1997 1126 2047 olim,
1429 2009 1471 2040 60

47 2062 52 2067 ’
193 2059 370 2102 Ilionam
394 2060 588 2111 edormit,
616 2059 801 2103 Catienis
826 2061 938 2103 mille
962 2061 1169 2111 ducentis,

119 2129 176 2165 ter
199 2130 235 2165 te
259 2122 445 2179 appello!
468 2122 756 2165 clamantibus.
781 2123 879 2165 huic
903 2139 982 2180 ego
1006 2123 1159 2180 vulgus

26 2184 168 2235 φοι-ἰ
193 2185 369 2227 similem
393 2191 588 2228 cunctum
612 2186 792 2228 insanire
817 2187 988 2229 docebo.

43 2239 194 2298 hmanit
217 2256 378 2291 veteres
404 2255 562 2291 statuas
585 2249 871 2307 Damasippus
897 2251 1090 2293 emendo:

39 2301 202 2367 {neget
225 2317 288 2353 est
310 2312 460 2354 mentis
484 2311 734 2369 Damasippi
758 2314 957 2356 creditor?
981 2319 1083 2355 esto.
1430 2324 1472 2356 65

42 2372 183 2435 §ccipe
207 2375 319 2429 quod
342 2389 554 2430 nunquam
577 2377 726 2419 reddas
750 2377 869 2428 mihi,
896 2377 932 2419 si
955 2377 1030 2420 tibi
1054 2377 1209 2429 dicam3

43 2433 142 2483 vbne
164 2435 335 2479 insanus
361 2438 440 2480 en's
467 2439 502 2481 si
525 2440 760 2496 acceperis?
783 2456 836 2482 an
859 2441 993 2497 magis
1019 2455 1164 2483 excors

43 2487 194 2564 &ecta
216 2500 389 2555 praeda,
414 2515 538 2556 quam
561 2517 757 2558 praesens
782 2503 1018 2546 Mercurius
1042 2503 1148 2545 fert?

47 2559 178 2614 hibe
203 2562 346 2604 decem
371 2579 396 2605 a
418 2564 561 2607 Nerio:
586 2581 669 2608 non
694 2574 757 2609 est
781 2567 900 2609 satis:
927 2567 1033 2608 adde
1059 2565 1233 2609 Cicutae

43 2631 47 2634 ’
70 2627 78 2630 ”
99 2675 103 2678 γ
128 2624 190 2666 osi
213 2624 375 2668 tabulas
400 2633 583 2680 centum,
608 2629 719 2671 mille
745 2630 850 2672 adde
875 2636 1062 2680 catenas3
1430 2641 1472 2674 70

22 2706 46 2715 *-
106 2730 117 2734 ,,
161 2685 216 2729 'et
238 2693 377 2731 tamen
399 2689 504 2733 haec
528 2691 751 2735 sceleratus
776 2692 942 2735 vincula
965 2692 1142 2735 Proteus
