1500 2820
55 278 89 306 ἓν.
104 282 106 287 ,

415 173 692 219 ΟΔΒΜΙΝὈΜ
715 171 814 209 LIB.
831 171 882 208 Π.

66 330 94 346 ,Γ
118 294 184 331 tu
206 282 386 328 secanda
407 295 614 324 marmora

85 343 102 371 ‘³'
172 376 175 377 ν
194 346 308 390 locas
334 343 412 388 sub
434 344 572 401 ipsum
596 342 724 385 funus
749 348 791 384 et
815 340 994 398 sepulcri

85 414 94 471 J
137 408 352 456 immemor
374 407 497 452 struis
521 406 679 458 domos,

57 519 89 608 Ξ

191 473 399 528 marisque
421 470 536 514 Baiis
561 469 837 526 obstrepentis
861 482 986 525 urges

61 609 68 612 .
138 578 396 610 summovere
418 563 550 613 litora,

191 643 340 686 parum
362 626 544 683 locuples
571 625 804 668 continente
827 623 930 680 ripa.

62 703 63 706 ’
139 692 258 749 quid,
283 690 395 747 quod
416 704 549 745 usque
572 688 784 745 proximos

193 754 356 799 revellis
379 753 469 811 agri
492 752 708 804 terminos,
734 757 775 794 et
798 750 906 794 ultra

139 847 288 891 limites
311 845 520 890 clientium

197 909 294 954 salis
317 909 494 952 avarus?
515 908 682 965 pellitur
703 914 899 964 paternos

138 973 182 1016 in
204 973 298 1016 sinu
319 972 456 1015 ferens
481 972 582 1015 deos

194 1042 236 1079 et
257 1050 363 1080 uxor
385 1041 427 1079 et
450 1035 514 1078 vir
538 1034 809 1090 sordidosque
833 1040 966 1077 natos.

139 1127 252 1172 nulla
274 1127 422 1171 certior
443 1132 594 1178 tamen,

193 1191 354 1248 rapacis
381 1189 484 1235 Orci
507 1190 588 1233 fine
613 1190 829 1242 destinata,

139 1254 234 1298 aula
256 1255 427 1298 divitem
450 1260 590 1296 manet

193 1317 354 1361 herum.
381 1317 486 1374 quid
509 1317 617 1360 ultra
641 1316 802 1360 tendis?
825 1331 960 1373 aequa
982 1317 1106 1360 tellus

138 1410 309 1468 pauperi
330 1409 556 1453 recluditur

140 1473 608 1580 cffiffisslempssefflsaz
633 1488 710 1516 nec
738 1473 902 1516 satelles
930 1471 1032 1516 Orci

194 1600 354 1643 revexit
377 1615 478 1643 auro
502 1606 668 1656 captus3
693 1600 761 1642 hic
786 1599 1011 1656 superbum

141 1691 364 1736 Tantalum
389 1699 514 1748 atque
540 1692 707 1735 Tantali

195 1771 329 1814 genus
354 1762 533 1807 coercet,
558 1756 626 1798 hic
647 1756 786 1798 levare
810 1755 1000 1798 functum

142 1833 367 1875 pauperem
388 1818 602 1862 laboribus

197 1888 368 1924 vocatus
393 1887 516 1937 atque
540 1896 624 1924 non
647 1887 819 1924 vocatus
845 1882 971 1924 audit.

447 2032 710 2072 GARMEN
738 2033 864 2072 XIX.

377 2128 580 2162 HYMNUS
604 2129 656 2161 IN
681 2129 936 2163 BACCHUM.

201 2211 416 2254 Bacchum
439 2212 482 2255 in
504 2214 672 2257 remotis
697 2215 879 2257 carmina
901 2214 1074 2271 rupibus

202 2274 288 2316 vidi
311 2275 527 2318 docentem
550 2301 605 2308 -
630 2277 802 2329 credite,
826 2277 999 2335 posteri!
1026 2304 1080 2308 —

257 2337 557 2394 Nymphasque
581 2339 789 2383 discentes
814 2347 856 2383 et
880 2356 1000 2384 aures

315 2401 581 2458 capripedum
605 2401 853 2459 Satyrorum
877 2410 1033 2447 acutas.

202 2506 322 2543 evoe,
345 2494 499 2536 recenti
521 2509 638 2537 mens
663 2495 840 2551 trepidat
862 2502 988 2547 metu,

201 2554 405 2611 plenoque
427 2556 584 2600 Bacchi
607 2564 772 2614 pectore
797 2557 1007 2600 turbidum

259 2617 451 2661 laetatur!
478 2635 598 2671 evoe,
623 2636 746 2676 parce
770 2620 914 2672 Liber,

315 2695 456 2737 parce,
480 2683 599 2739 gravi
622 2684 841 2726 metuende
866 2683 1027 2741 thyrso!

1271 159 1323 202 47

1354 478 1397 510 20

1357 854 1400 886 25

1358 1201 1401 1234 30

1362 1548 1404 1580 35

1361 1895 1406 1926 40
