1500 2820
165 185 244 228 138
595 194 640 236 Q.
658 192 871 230 HORATII
886 193 1066 232 FLAccl

160 296 363 348 Messius,
392 297 624 352 „accipio;“
652 303 776 352 caput
798 304 838 339 et
859 305 1009 340 movet.
1037 313 1105 350 „0,
1130 305 1202 342 tua
1222 314 1348 343 cornu

159 360 202 401 ni
225 359 330 402 foret
354 366 518 401 exsecto
542 359 701 410 frons,“
726 359 872 413 inquit,
901 361 1025 414 „quid
1047 361 1223 412 faceres,
1245 376 1373 417 quum

95 435 136 466 60
161 421 220 463 sic
243 420 410 462 mutilus
434 421 690 462 minitaris?“
714 427 757 462 at
778 421 837 462 illi
860 421 984 463 foeda
1007 421 1174 464 cicatrix

160 490 338 525 setosam
361 483 468 524 laevi
491 483 666 524 frontem
690 489 922 538 turpaverat
945 483 1039 525 oris.

161 543 419 599 Campanum
442 545 484 585 in
507 544 712 594 morbum,
737 545 780 585 in
802 545 950 586 faciem
973 546 1174 600 permulta
1195 546 1364 597 iocatus,

157 613 362 661 pastorem
387 605 550 647 saltaret
573 607 633 646 uti
658 605 858 661 Cyclopa,
884 606 1071 662 rogabat3

158 668 215 709 nil
238 667 297 709 illi
319 668 432 709 larva
455 674 525 709 aut
550 667 713 723 tragicis
737 682 840 723 opus
865 683 956 710 esse
981 669 1200 711 cothurnis.

92 743 133 775 65
158 729 286 772 multa
311 728 492 772 Cicirrus
517 730 570 770 ad
593 729 712 770 haec:
738 730 931 771 donasset
953 731 1088 772 iamne
1112 737 1294 773 catenam

157 807 209 834 ex
231 798 328 834 voto
351 791 549 841 Laribus,
575 791 813 846 quaerebat3
839 792 973 834 scriba
995 793 1106 846 quod
1130 799 1250 844 esset,

156 854 283 896 nihilo
306 853 483 895 deterius
508 853 696 894 dominae
719 853 784 894 ius
810 868 912 895 esse.
936 854 1108 910 rogabat

157 916 350 971 denique,
375 930 448 957 cur
470 929 651 969 unquam
674 915 868 971 fugisset,
895 916 960 957 cui
986 917 1084 958 satis
1108 931 1190 958 una

156 978 275 1020 farris
298 977 403 1019 libra
425 977 547 1026 foret,
573 977 714 1032 gracili
738 978 797 1018 sic
821 983 984 1032 tamque
1007 978 1181 1034 pusillo?

92 1053 133 1084 70
156 1054 324 1096 prorsus
347 1039 523 1081 iucunde
548 1054 716 1081 coenam
740 1040 1007 1094 produximus
1030 1041 1155 1082 illam.

156 1103 360 1144 tendimus
384 1102 479 1143 hinc
502 1107 612 1143 recta
634 1101 935 1152 Beneventum,
960 1102 1032 1144 ubi
1056 1102 1222 1144 sedulus
1245 1102 1393 1159 hospes

155 1179 284 1220 paene
308 1178 466 1205 macros
492 1163 590 1204 arsit
614 1163 710 1204 dum
736 1164 876 1206 turdos
901 1170 1036 1206 versat
1058 1165 1101 1205 in
1123 1164 1228 1220 igni:

155 1241 251 1268 nam
274 1241 382 1281 vaga
404 1240 478 1280 per
500 1232 680 1266 veterem
705 1225 862 1280 dilapso
886 1226 1050 1268 flamma
1073 1225 1249 1268 culinam

155 1288 343 1330 Vulcano
368 1303 574 1330 summum
596 1288 841 1343 properabat
862 1288 1042 1330 lambere
1066 1295 1231 1332 tectum.

93 1363 132 1394 75
156 1350 348 1392 convivas
373 1350 516 1391 avidos
540 1364 709 1391 coenam
735 1365 955 1405 servosque
980 1351 1167 1393 timentes

156 1419 242 1454 tum
266 1427 407 1468 rapere
431 1418 552 1466 atque
576 1427 717 1454 omnes
741 1413 993 1469 restinguere
1017 1413 1121 1455 velle
1144 1414 1316 1456 videres.

154 1474 296 1529 incipit
320 1489 371 1515 ex
394 1474 463 1515 illo
487 1480 645 1516 montes
670 1473 826 1529 Apulia
848 1481 967 1516 notos

156 1543 358 1578 ostentare
382 1535 500 1585 mihi,
526 1550 630 1590 quos
655 1542 778 1577 torret
801 1535 1009 1578 Atabulus
1034 1543 1073 1578 et
1097 1551 1200 1591 quos

154 1612 364 1652 nunquam
389 1613 642 1653 erepsemus,
666 1598 746 1639 nisi
768 1613 842 1640 nos
867 1599 1001 1640 vicina
1025 1598 1179 1641 Trivici

89 1673 131 1705 80
155 1660 251 1701 villa
273 1660 511 1714 recepisset,
536 1659 752 1701 lacrimoso
775 1675 858 1702 non
882 1661 968 1702 sine
994 1660 1120 1711 sumo,

154 1722 257 1764 udos
282 1737 375 1763 cum
399 1721 507 1764 foliis
530 1737 666 1764 ramos
691 1729 831 1764 urente
855 1723 1027 1765 camino.

154 1783 221 1825 hic
244 1798 322 1840 ego
346 1784 584 1826 mendacem
609 1784 872 1827 stultissimus
895 1800 1027 1839 usque
1050 1785 1228 1841 puellam

155 1846 207 1887 ad
230 1846 407 1887 mediam
431 1853 593 1888 noctem
618 1853 829 1902 exspect03
856 1862 1021 1889 somnus
1047 1854 1184 1889 tamen
1207 1847 1341 1890 aufert

155 1909 355 1950 intentum
380 1908 550 1958 Veneri3
576 1915 663 1950 tum
686 1909 896 1951 immundo
923 1910 1080 1952 somnia
1105 1910 1196 1952 visu

87 1982 129 2015 85
152 1977 391 2012 nocturnam
415 1977 573 2012 vestem
596 1971 802 2013 maculant
824 1978 1088 2026 ventremque
1113 1972 1316 2027 supinum.

154 2039 345 2087 quattuor
366 2032 462 2074 hine
484 2033 666 2088 rapimur
689 2033 833 2089 viginti
858 2040 897 2075 et
921 2034 1047 2075 millia
1068 2034 1219 2084 rhedis,

153 2095 334 2137 mansuri
358 2095 570 2150 oppidulo,
596 2096 706 2149 quod
730 2111 853 2137 versu
877 2096 1010 2137 dicere
1034 2111 1117 2138 non
1141 2102 1214 2146 est,

153 2157 281 2213 signis
305 2157 498 2212 perfacile
522 2163 601 2198 cst:
626 2158 737 2199 venit
761 2158 958 2200 vilissima
979 2173 1115 2199 rerum

153 2219 219 2260 hic
243 2233 367 2273 aqua3
393 2220 466 2261 sed
488 2219 606 2274 panis
630 2219 752 2275 longe
775 2220 1091 2275 pulcherrimus,
1116 2220 1222 2262 ultra

87 2293 128 2325 90
153 2280 323 2322 callidus
349 2286 393 2321 ut
418 2280 546 2323 soleat
569 2281 748 2322 humeris
773 2288 934 2336 portare
959 2282 1108 2323 viator:

151 2357 247 2383 nam
273 2341 430 2384 Canusi
452 2342 682 2398 lapidosus3
709 2357 838 2396 aquae
862 2358 946 2384 non
969 2343 1090 2385 ditior
1114 2358 1215 2385 urna

152 2404 222 2457 qui
245 2403 358 2445 locus
384 2419 408 2445 a
431 2403 526 2445 forti
550 2403 754 2445 Diomede
779 2411 841 2445 est
864 2405 1050 2446 conditus
1075 2405 1184 2446 olim.

152 2465 341 2506 flentibus
365 2465 432 2506 hic
455 2465 606 2507 Varius
631 2465 803 2507 discedit
826 2472 1006 2508 maestus
1031 2467 1184 2508 amicis.

151 2526 246 2568 inde
269 2526 413 2568 Rubos
437 2526 539 2568 fessi
562 2527 839 2582 pervenimus,
865 2534 1004 2583 utpote
1027 2528 1197 2584 longum

85 2602 127 2633 95
152 2594 362 2643 carpentes
387 2589 463 2630 iter
485 2595 527 2630 et
549 2589 703 2630 factum
729 2589 956 2644 corruptius
980 2589 1111 2631 imbri.

151 2656 314 2706 postera
336 2657 558 2706 tempestas
582 2651 743 2702 melior,
769 2651 836 2693 via
857 2651 972 2706 peior
996 2651 1048 2692 ad
1070 2666 1201 2706 usque

1463 2556 1470 2563 ι.

1468 2567 1485 2583 t

1464 2629 1484 2642 ,.
