1500 2820
0 2592 26 2654 ἰ

424 133 699 173 ΟΑΒΜΙΝΠΜ
721 134 819 171 LIB.
838 135 888 171 11.

481 316 743 358 CARMEN
772 316 829 356 V.

329 414 397 447 AD
423 413 706 447 AMATOREM
729 412 974 446 LALAGEs.

196 497 393 542 Nondum
417 498 589 542 subacta
611 497 719 540 ferre
742 497 887 555 iugum
911 497 1022 541 valet

198 561 374 612 cervice,
400 559 583 604 nondum
606 560 748 603 munia
771 561 976 617 comparis

253 638 450 680 aequare,
474 638 551 666 nec
575 623 682 666 tauri
705 623 860 666 ruentis

309 686 353 728 in
374 685 582 729 Venerem
606 686 778 729 tolerare
802 687 978 743 pondus.

198 779 307 822 circa
328 779 506 824 virentes
532 785 596 822 est
619 779 780 822 animus
806 786 901 823 tuae

198 857 364 899 campos
388 842 607 894 iuvencae,
632 858 743 885 nunc
766 843 903 885 fluviis
928 858 1099 900 gravem

254 905 422 948 solantis
447 912 627 957 aestum,
652 921 763 948 nunc
786 906 830 948 in
852 906 935 949 udo

308 968 448 1011 ludere
474 983 568 1011 cum
592 969 731 1012 vitulis
757 969 901 1012 salicto

196 1059 524 1118 praegestientis.
550 1059 646 1102 tolle
671 1060 907 1116 cupidinem

195 1122 364 1165 immitis
388 1137 514 1174 uvae3
539 1123 622 1165 iam
647 1123 722 1166 tibi
745 1123 894 1166 lividos

252 1185 478 1242 distinguet
502 1191 724 1228 autumnus
748 1201 934 1229 racemos

307 1262 515 1305 purpureo
539 1249 680 1291 varius
706 1248 854 1291 colore.

194 1340 277 1383 iam
301 1346 341 1383 te
367 1346 578 1396 sequetur3
604 1341 729 1383 currit
753 1341 862 1383 enim
886 1341 1005 1384 ferox

195 1409 327 1454 aetas,
353 1409 395 1445 et
416 1402 494 1454 illi,
519 1418 624 1459 quos
650 1404 724 1447 tibi
749 1404 984 1461 dempserit,

252 1472 430 1523 apponet
455 1482 605 1519 annos3
630 1467 712 1510 iam
736 1474 929 1524 proterva

307 1529 442 1572 fronte
465 1536 577 1586 petet
600 1530 764 1588 Lalage
788 1531 994 1582 maritum,

194 1620 363 1672 dilecta,
389 1628 590 1676 quantum
613 1637 698 1664 non
721 1622 881 1665 Pholoe
906 1623 1050 1680 fugaX,

194 1699 278 1727 non
302 1683 468 1727 Chloris
493 1685 587 1727 albo
612 1685 671 1728 sic
694 1686 868 1729 humero
892 1687 1040 1737 nitens,

251 1753 297 1789 ut
318 1762 424 1804 pura
446 1742 647 1791 nocturno
671 1750 831 1792 renidet

306 1810 404 1852 luna
426 1811 531 1853 mari
556 1810 813 1867 Cnidiusque
839 1811 1005 1869 Gyges3

195 1915 318 1957 quem
343 1902 379 1944 si
401 1903 632 1959 puellarum
655 1905 858 1948 insereres
884 1906 1022 1957 choro,

196 1964 297 2006 mire
323 1980 494 2022 sagaces
519 1966 680 2009 falleret
704 1967 888 2023 hospites

254 2027 475 2070 discrimen
498 2028 721 2071 obscurum
747 2030 891 2073 solutis

311 2091 491 2134 crinibus
517 2092 794 2150 ambiguoque
820 2095 948 2137 vultu.

470 2265 731 2307 OARMEN
758 2268 835 2308 Ἦ.

427 2361 502 2395 AD
537 2363 874 2400 SEPTIMmM.

173 2439 366 2498 Septimi,
394 2442 535 2488 Gades
561 2447 720 2490 aditure
743 2464 908 2492 mecum
933 2457 974 2492 et

172 2503 428 2550 Cantabrum
450 2508 662 2552 indoctum
685 2512 785 2568 iuga
808 2513 915 2556 ferre
938 2519 1081 2556 nostra
1104 2520 1146 2557 et

171 2565 366 2611 barbaras
392 2568 556 2626 Syrtes,
582 2573 653 2616 ubi
676 2574 828 2618 Maura
852 2591 1014 2632 semper

255 2637 415 2675 aestuat
437 2635 566 2677 unda:

1050 2710 1104 2748 3*

1361 1140 1400 1170 10

1360 1484 1399 1514 15

1357 1825 1400 1857 20
