1500 2820
381 143 653 184 CARMNUM
675 143 775 180 LIB.
794 142 864 180 111.

132 250 208 297 ’ὧι
229 258 270 295 te
292 250 494 294 minorem
517 249 630 305 quod
652 249 783 306 geris,
807 249 1007 305 imperas3

143 314 236 361 hinc
259 329 381 358 omne
403 313 668 370 principium,
693 311 776 354 huc
798 312 909 354 refer
932 311 1108 354 exitum:

196 377 240 421 di
260 377 392 420 multa
414 375 591 433 neglecti
614 375 816 418 dederunt

251 439 482 497 Hesperiae
505 438 615 482 mala
637 438 866 481 luctuosae.

139 532 223 576 iam
244 531 310 575 bis
334 530 549 574 Monaesis
574 536 615 572 et
638 529 789 572 Pacori
812 545 960 573 manus

47 571 73 607 ’ζ’
139 610 222 638 non
244 594 479 651 auspicatos
504 593 691 636 contudit
713 593 893 649 impetus

194 664 376 708 nostros,
402 663 443 699 et
465 656 666 699 adiecisse
689 657 887 712 praedam

251 719 466 776 torquibus
491 719 652 777 exiguis
676 719 848 761 renidet.

139 821 270 864 paene
294 811 537 862 occupatam
562 804 832 848 seditionibus

138 869 289 912 delevit
310 867 457 911 urbem
478 867 626 910 Dacus
651 874 692 910 et
715 867 936 925 Aethiops,

191 931 259 975 hic
281 931 414 974 classe
438 931 704 983 formidatus,
729 931 800 974 ille

247 994 474 1038 missilibus
497 994 643 1037 melior
667 995 842 1052 sagittis.

136 1081 316 1124 fecunda
339 1081 487 1138 culpae
512 1081 653 1124 secula
675 1081 840 1138 nuptias

135 1144 313 1202 primum
335 1144 605 1199 inquinavere
630 1150 670 1186 et
694 1159 827 1201 genus
853 1151 894 1187 et
917 1145 1084 1196 dom0s3

190 1207 270 1250 hoc
293 1207 407 1249 fonte
432 1207 617 1250 derivata
640 1207 780 1249 clades

246 1270 289 1312 in
311 1270 487 1327 patriam
511 1270 794 1327 populumque
817 1270 948 1313 fluxit.

134 1362 270 1398 motus
294 1355 433 1398 doceri
456 1356 612 1412 gaudet
634 1355 801 1398 Ionicos

134 1424 295 1461 matura
317 1418 437 1475 virgo
462 1425 503 1460 et
525 1418 697 1476 fingitur
720 1418 898 1462 artibus:

189 1482 274 1524 iam
296 1496 406 1524 nunc
431 1488 471 1524 et
493 1481 675 1524 incestos
700 1497 863 1525 amores

245 1545 297 1587 de
321 1551 461 1588 tenero
484 1545 707 1588 meditatur
729 1545 879 1603 ungui3

132 1646 231 1674 mox
252 1631 433 1674 iuniores
457 1632 618 1687 quaerit
641 1632 850 1675 adulteros

131 1693 238 1737 inter
260 1694 395 1737 mariti
419 1695 533 1746 vina,
558 1709 693 1750 neque
718 1695 845 1753 eligit,

190 1757 257 1799 cui
280 1757 406 1799 donet
428 1757 690 1814 impermissa
712 1758 863 1815 raptim

245 1820 400 1877 gaudia
422 1820 649 1863 luminibus
673 1821 856 1872 remotis,

135 1905 211 1948 sed
232 1906 350 1949 iussa
373 1921 513 1949 coram
534 1921 619 1949 non
644 1908 732 1949 sine
757 1907 924 1950 conscio

134 1969 266 2026 surgit
288 1969 454 2020 marito,
481 1985 556 2012 seu
579 1976 701 2012 vocat
724 1970 887 2013 institor

191 2047 265 2074 seu
289 2032 408 2074 navis
433 2032 650 2088 Hispanae
674 2034 885 2090 magister,

247 2095 497 2137 dedecorum
522 2096 728 2152 pretiosus
753 2103 896 2139 emtor.

134 2195 217 2223 non
239 2180 305 2223 his
330 2181 524 2224 iuventus
549 2188 638 2224 orta
661 2182 903 2238 parentibus

133 2243 278 2286 infecit
301 2258 456 2298 aequor
479 2245 680 2302 sanguine
704 2245 878 2297 Punico,

190 2305 482 2362 Pyrrhumque
506 2314 547 2349 et
570 2308 782 2365 ingentem
806 2309 954 2351 cecidit

246 2368 501 2412 Antiochum
525 2370 890 2427 Hannibalemque
915 2372 1071 2422 dirum3

137 2457 211 2498 sed
233 2457 480 2500 rusticorum
504 2459 691 2501 mascula
714 2459 891 2501 militum

135 2519 290 2575 proles,
317 2518 495 2564 Sabellis
519 2521 642 2564 docta
664 2521 874 2578 ligonibus

193 2597 357 2625 versare
380 2583 524 2640 glebas
549 2592 591 2627 et
615 2599 784 2628 severae

248 2646 390 2688 matris
415 2647 469 2688 ad
492 2646 706 2690 arbitrium
730 2648 885 2692 recisos

1247 132 1303 176 59

1330 604 1372 636 10

1329 944 1370 976 15

1327 1281 1371 1313 20

1326 1644 1370 1675 25

1326 1982 1370 2014 30

1326 2319 1369 2351 35

1325 2659 1370 2692 40
