1500 2820
439 198 651 236 EPODON
673 197 842 234 LIBER.

38 314 235 359 mem,
259 306 373 364 quod
396 319 540 349 omnes
562 303 743 355 rideant,
770 301 1002 346 adulterum

63 409 66 411 .
127 371 276 414 latrent
301 368 548 414 Suburanae
571 381 696 410 canes

73 433 200 479 nardo
222 438 488 490 perunctum,
513 429 636 486 quale
658 444 743 472 non
765 428 992 486 perfectius

128 511 246 540 meae
268 495 508 539 laborarunt
531 508 693 535 manus.
720 517 775 523 —-

73 559 172 617 quid
195 558 370 602 accidit?
393 573 466 601 cur
489 557 579 599 dira
602 555 803 599 barbarae
826 554 964 597 minus

126 637 288 665 venena
309 620 488 664 Medeae
511 619 662 670 valent,

72 685 222 742 quibus
248 683 471 742 superbam
495 683 604 740 fugit
627 682 714 724 ulta
737 681 942 738 pellicem,

126 748 268 806 magni
293 746 486 791 Creontis
509 746 651 797 filiam,

72 826 166 856 cum
188 811 318 869 palla,
343 810 440 853 tabo
469 825 622 852 munus
646 808 873 860 imbutum,
899 822 1052 850 novam

126 874 318 918 incendio
340 880 513 931 nuptam
538 872 734 916 abstulit?

71 938 184 994 atqui
206 952 284 981 nec
307 937 437 980 herba
459 951 538 979 nec
561 936 695 979 latens
719 936 763 977 in
788 934 946 991 asperis

125 1000 244 1044 radix
267 999 415 1043 fefellit
438 1015 506 1043 me
528 999 650 1042 locis:

71 1064 263 1108 indormit
286 1065 421 1108 unctis
447 1065 632 1107 omnium
656 1063 863 1106 cubilibus

127 1127 334 1171 oblivione
357 1127 566 1185 pellicum.
592 1153 647 1158 —

72 1191 126 1235 ah
147 1191 220 1234 ahl
247 1190 408 1234 solutus
433 1190 620 1234 ambulat
643 1190 853 1233 veneficae

38 1308 41 1310 ¹
129 1254 358 1298 scientioris
383 1254 576 1297 carmine.
603 1279 659 1284 —-

70 1332 152 1360 non
174 1317 337 1361 usitatis
343 1350 355 1369 ,
380 1317 510 1369 Vare,
535 1316 786 1374 potionibus,

129 1396 155 1424 ο
177 1381 309 1424 multa
330 1381 525 1424 fleturum
550 1387 687 1437 caput,

73 1444 125 1487 ad
146 1459 214 1487 me
236 1459 442 1496 recurres,
467 1459 546 1487 nec
569 1454 718 1486 vocata
741 1458 858 1486 mens
884 1449 956 1485 tua

129 1507 285 1551 Marsis
308 1507 462 1551 redibit
486 1507 673 1550 vocibus.

73 1571 205 1614 maius
228 1570 407 1628 parabo,
431 1571 568 1614 maius
591 1571 811 1613 infundam
836 1569 911 1612 tibi

127 1634 355 1678 fastidienti
376 1635 592 1692 poculum:

39 1707 41 1754 J
71 1697 268 1754 priusque
292 1697 455 1741 caelum
480 1698 588 1741 sidet
610 1697 783 1741 inferius
807 1698 911 1739 mari

50 1790 54 1794 -
128 1761 273 1804 tellure
296 1768 488 1819 porrecta
512 1777 649 1820 super,

73 1838 197 1880 quam
220 1839 305 1868 non
330 1840 470 1868 amore
497 1826 558 1868 sic
580 1841 674 1868 meo
699 1825 870 1882 flagres,
896 1825 956 1866 uti

129 1887 317 1931 bitumen
341 1889 441 1931 atris
465 1888 675 1946 ignibus.“

75 1950 152 1993 sub
175 1951 279 1994 haec
302 1966 424 2008 puer,
448 1951 532 1994 iam
555 1966 658 2002 non,
683 1957 730 1993 ut
755 1956 870 2002 ante,
895 1949 1090 1992 mollibus

128 2014 256 2057 lenire
279 2013 419 2057 verbis
442 2014 606 2071 impias,

75 2077 150 2120 sed
172 2077 323 2120 dubius
347 2077 459 2119 unde
482 2083 692 2134 rumperet
716 2077 926 2120 silentium

130 2140 244 2183 misit
267 2139 502 2196 Thyesteas
526 2155 692 2197 preces:

77 2217 280 2255 „venena,
305 2218 507 2260 magnum
530 2203 595 2246 fas
619 2200 840 2258 nefas‘que,
866 2218 950 2246 non
976 2202 1113 2245 valent

132 2272 372 2308 convertere
395 2265 622 2309 humanam
644 2267 792 2309 vicem.

75 2328 174 2371 diris
199 2344 324 2386 agam
346 2344 442 2372 vos:
468 2330 558 2372 dira
581 2330 799 2373 detestatio

133 2391 247 2433 nulla
270 2392 461 2448 expiatur
482 2393 664 2436 victima.

77 2453 195 2510 quin,
219 2453 292 2496 ubi
315 2455 447 2511 perire
470 2455 610 2500 iussus
636 2456 913 2513 exspiravere,

132 2523 358 2560 nocturnus
382 2533 596 2562 occurram
617 2519 766 2570 Furor,

77 2586 300 2636 petamque
323 2581 464 2624 vultus
489 2581 638 2626 umbra
662 2583 799 2625 curvis
824 2580 1050 2639 unguibus,

135 2656 242 2697 quae
267 2643 330 2686 vis
355 2644 527 2687 deorum
551 2652 615 2688 est
637 2645 843 2696 Manium,

26 2739 27 2742 ,
81 2709 122 2747 et
142 2705 336 2761 inquietis
360 2708 548 2751 assidens
572 2708 824 2765 praecordiis

1240 183 1322 227 109

1349 499 1393 531 60

1352 816 1394 849 65

1354 1133 1396 1165 70

1354 1453 1397 1486 75

1353 1770 1396 1803 80

1357 2087 1400 2119 85

1358 2403 1401 2435 90

1358 2718 1399 2749 95
