1500 2820
212 196 296 238 214
643 205 685 246 Q.
704 203 918 240 HORATII
933 202 1117 242 FLAOCI

121 321 187 353 260
210 307 403 350 sedulitas
427 314 582 358 autem,
608 307 729 350 stulte
753 322 875 362 quem
898 307 1047 364 diligit,
1070 314 1208 365 urget3

207 369 424 426 praecipue
449 384 576 424 quum
601 384 645 411 se
669 369 848 411 numeris
872 370 1129 412 commendat
1151 375 1193 412 et
1213 376 1318 413 arte:

209 432 328 474 discit
351 432 458 473 enim
483 431 599 473 citius
625 431 887 485 meminitque
910 431 1103 473 libentius
1127 431 1240 482 illud,

208 494 318 547 quod
341 493 431 547 quis
456 493 630 543 deridet,
655 507 779 547 quam
802 493 912 547 quod
935 492 1082 548 probat
1105 498 1146 535 et
1167 499 1382 535 veneratur

209 555 266 596 nil
288 569 424 596 moror
446 555 645 605 officium,
671 555 780 609 quod
805 569 870 596 me
894 561 1056 610 gravat,
1082 570 1130 597 ac
1152 569 1286 610 neque
1306 554 1402 598 ficto

119 630 184 662 265
208 618 252 658 in
274 618 390 672 peius
415 617 530 658 vultu
552 618 723 672 proponi
749 631 889 668 cereus
915 631 1101 670 usquam,

207 693 283 720 nec
305 693 430 734 prave
454 679 573 720 factis
598 679 778 720 decorari
802 678 988 720 versibus
1013 684 1129 733 opto;

207 755 259 782 ne
282 740 452 782 rubeam
475 741 618 796 pingui
641 741 815 781 donatus
840 755 1005 781 munere
1030 746 1069 780 et
1093 755 1175 781 una

210 816 302 843 cum
327 802 520 858 scriptore
545 817 635 843 meo
661 817 785 857 capsa
806 807 1015 857 porrectus
1041 807 1181 857 operta

209 864 367 904 deferar
390 864 431 904 in
454 864 590 905 vicum
615 865 858 905 vendentem
882 864 975 905 thus
1001 870 1039 904 et
1063 864 1208 905 odores

122 939 186 970 270
210 931 250 966 et
271 926 388 981 piper
411 931 451 967 et
474 926 672 980 quidquid
696 926 844 967 chartis
870 926 1056 968 amicitur
1077 925 1239 980 ineptis.

674 1056 997 1097 EPISTOLA
1026 1057 1086 1096 H.

589 1151 661 1183 AD
697 1151 899 1184 11JL1UM
932 1151 1179 1185 FLORUM.

207 1235 348 1284 Flore,
373 1234 479 1277 bono
504 1234 693 1288 claroque
717 1233 848 1275 fidelis
873 1234 1004 1276 amice
1026 1233 1191 1284 Neroni,

210 1297 244 1338 si
268 1297 359 1350 quis
384 1297 487 1338 forte
511 1296 608 1337 velit
631 1310 804 1351 puerum
827 1296 901 1337 tibi
924 1296 1099 1337 vendere
1122 1301 1263 1337 natum

210 1358 363 1400 Tibure
386 1358 453 1400 vel
477 1356 621 1400 Gabiis
647 1364 687 1399 et
710 1363 845 1399 tecum
870 1358 928 1399 sic
951 1364 1064 1414 agat:
1092 1357 1183 1408 „hic
1206 1363 1246 1398 et

210 1421 406 1462 candidus
431 1426 472 1462 et
494 1420 596 1462 talos
622 1435 646 1461 a
669 1420 818 1461 vertice
841 1419 1011 1475 pulcher
1033 1419 1086 1461 ad
1107 1419 1212 1460 imos

167 1495 185 1525 5
209 1482 278 1523 fiet
302 1483 456 1535 eritque
480 1488 573 1523 tuus
598 1496 815 1523 numorum
838 1481 1016 1523 millibus
1042 1486 1145 1530 octo,

211 1558 335 1585 verna
357 1544 591 1586 ministeriis
616 1544 669 1585 ad
692 1549 814 1585 nutus
839 1550 957 1598 aptus
981 1543 1141 1592 heriles,

209 1604 379 1646 literulis
406 1604 575 1647 Graecis
600 1604 800 1654 imbutus,
825 1605 995 1646 idoneus
1021 1604 1096 1645 arti

211 1667 392 1717 cuilibet3
418 1667 560 1722 argilla
583 1667 744 1720 quidw's
768 1666 990 1708 imitaberis
1014 1666 1115 1715 uda3

211 1729 309 1783 quin
333 1729 455 1770 etiam
479 1735 595 1770 canet
618 1729 828 1769 indoctum
853 1728 925 1769 sed
950 1727 1068 1768 dulce
1091 1726 1257 1768 bibenti.

147 1803 188 1834 10
212 1790 340 1831 multa
363 1790 486 1832 fidem
509 1790 709 1845 promissa
733 1790 886 1839 levant,
911 1789 982 1831 ubi
1006 1788 1165 1844 plenius
1190 1802 1320 1842 aequo

210 1852 347 1894 laudet
371 1852 535 1894 venales
560 1852 630 1906 qui
654 1852 741 1893 vult
765 1852 979 1893 excludere
1002 1864 1170 1892 merces·

211 1928 276 1956 res
300 1921 418 1970 urget
442 1929 507 1955 me
530 1914 642 1955 nulla
650 1931 661 1964 3
686 1928 777 1955 meo
803 1929 894 1955 sum
917 1927 1072 1968 pauper
1094 1913 1137 1954 in
1160 1925 1264 1954 aere.

211 1991 331 2018 nemo
355 1976 432 2018 hoc
455 1991 706 2032 mangonum
729 1975 882 2017 faceret
905 1975 997 2024 tibi;
1023 1989 1102 2016 non
1126 1979 1278 2015 temere
1302 1987 1327 2014 a
1349 1987 1416 2014 me

213 2037 345 2091 quivis
371 2037 493 2079 ferret
515 2038 636 2078 idem.
669 2037 794 2078 semel
817 2036 884 2077 hic
908 2037 1084 2078 cessavit
1107 2041 1165 2086 et,
1189 2041 1236 2076 ut
1257 2035 1314 2084 fit,

148 2113 188 2143 15
210 2099 255 2139 in
279 2099 398 2140 scalis
421 2099 539 2140 latuit
561 2105 746 2139 metuens
771 2098 984 2152 pendentis
1009 2097 1242 2139 habenae:“

214 2160 284 2202 des
310 2175 475 2210 numos,
501 2166 671 2215 excepta
694 2160 794 2200 nihil
817 2167 856 2200 te
882 2159 916 2200 si
939 2159 1041 2214 fuga
1063 2158 1205 2199 laedit:

213 2222 281 2263 ille
304 2221 409 2262 ferat
431 2221 607 2276 pretium
629 2235 784 2276 poenae
810 2234 995 2269 securus,
1022 2219 1177 2274 opinor.

213 2283 391 2338 prudens
417 2283 550 2324 emisti
573 2283 765 2324 vitiosum
772 2299 783 2332 ;
809 2283 916 2323 dicta
939 2281 1013 2323 tibi
1037 2287 1099 2322 est
1121 2281 1206 2322 lexz

214 2345 439 2399 insequeris
465 2351 601 2386 tamen
623 2344 732 2385 hunc
755 2350 796 2385 et
818 2344 886 2386 lite
910 2343 1079 2385 moraris
1103 2342 1255 2396 iniqua.

149 2420 192 2451 20
216 2407 300 2448 dixi
323 2421 388 2447 me
411 2406 574 2462 pigrum
597 2405 870 2461 proficiscenti
895 2404 985 2454 tibi,
1011 2404 1096 2445 dixi

215 2468 364 2510 talibus
389 2468 534 2509 officiis
558 2482 684 2522 prope
709 2481 915 2515 mancum,
940 2481 991 2507 ne
1015 2480 1107 2506 mea
1131 2479 1277 2507 saevus

214 2530 397 2586 iurgares
421 2530 474 2571 ad
497 2535 536 2571 te
560 2530 670 2583 quod
693 2528 862 2584 epistola
886 2527 996 2569 nulla
1018 2527 1177 2568 rediret.

216 2591 314 2645 quid
338 2598 423 2632 tum
446 2591 618 2646 profeci,
643 2605 804 2632 mecum
828 2590 1018 2632 facientia
1041 2590 1129 2630 iura

218 2654 253 2695 si
276 2661 411 2695 tamen
435 2653 634 2695 attentas?
656 2653 835 2707 quereris
860 2667 982 2708 super
1005 2651 1082 2693 hoc
1107 2651 1247 2700 etiam,
1272 2648 1382 2704 quod
