1592 2808
9 0 188 167 Γ·

6 243 186 281 sciscam!
207 239 365 278 affectus
390 239 504 285 pleno
530 240 568 272 et
585 247 709 271 rerum
734 234 822 269 dum
833 232 1094 278 argumentum
1106 226 1333 274 primarium.
1373 224 1454 260 Iam

14 298 212 338 ⁴flag-narum
223 290 291 323 aut
301 285 516 332 pulcrarum
535 281 709 318 sensibus
733 290 823 314 vero
839 277 942 325 quod
955 276 1004 312 ad
1017 273 1348 310 commutationem
1357 269 1455 306 ordi-

17 337 192 372 ommoto.
215 333 274 369 Ex
293 342 368 379 quo
385 339 619 376 consequens
641 333 709 371 est,
734 325 793 361 nis
831 322 1102 359 sententiarum
1130 319 1312 366 pertinet,
1343 316 1455 351 huius

6 396 11 408 ¹
27 379 168 418 horatio
181 378 299 425 ipsius
313 377 440 423 specie
449 376 579 412 saltem
590 373 710 408 minus
737 381 888 418 quoque
909 367 1039 404 similis
1057 365 1154 402 ratio
1177 368 1245 400 est.
1280 363 1345 399 Fit
1356 362 1457 398 enim

17 425 179 465 ‘deuicta
203 425 252 460 sit
276 422 527 459 severioribus
551 419 627 455 illis
653 429 711 453 so·
736 417 775 452 in
795 415 1023 452 carminibus
1043 411 1265 450 elatioribus
1286 413 1325 445 et
1345 419 1456 455 gran-

27 473 103 511 riac
120 470 254 507 mentis
266 469 430 515 legibus,
445 467 581 514 quibus
599 465 638 500 in
657 465 711 499 lo-
737 462 907 498 dioribus
921 461 1034 497 etiam
1042 459 1302 503 sic‚utpoetae
1311 455 1458 490 animus

6 515 421 556 -oendoaedisserendo
431 513 573 557 utimur,
588 522 712 557 quam-
739 508 899 544 subinde
923 505 1168 542 insolentiore
1195 502 1322 548 aliquo
1353 503 1460 535 motu

26 573 121 616 uam²
141 562 172 599 si
183 573 312 598 verum
325 560 546 607 quaerimus,
561 557 713 593 easdem
740 555 950 590 concitetur
967 553 1131 598 ideoque
1152 550 1200 584 ab
1222 548 1306 583 aliis
1321 547 1370 582 ad
1383 545 1459 581 alia

20 611 160 647 luite.
181 611 287 644 tenet
316 612 430 652 atque
455 603 639 651 sequitur,
672 605 715 636 ut
737 606 814 636 tam
841 594 1338 645 uamproperetacfestinet.
1348 591 1461 634 Quod

10 654 152 710 *hylus
175 658 323 690 tantum
346 652 392 686 iis
416 651 713 695 utam-,utpote
741 647 821 682 sicu
849 646 862 681 i
885 645 946 691 fit,
973 644 1149 679 videntur
1182 651 1295 686 saepe
1320 642 1460 674 temere

0 710 111 740 iuml
131 700 304 736 sensibus
325 709 407 733 cum
424 700 546 732 mente
572 699 610 731 et
627 693 714 730 rati·
738 692 888 728 misceri
896 689 1104 727 sententiae
1112 691 1225 734 atque
1233 686 1460 721 commutato

7 757 72 784 wne
97 746 270 792 cognatis
296 744 571 789 obtemperans.
631 740 713 782 Quo
740 738 993 785 cogitatorum
1008 735 1138 772 ordine
1152 745 1198 769 ac
1216 737 1347 768 tenore
1366 729 1462 765 lubi-

29 792 150 828 omine
175 790 357 826 Horatius
379 789 609 825 Graecorum
627 785 714 832 lyri-
741 785 873 820 dinose
889 781 1083 819 confundi.
1121 779 1242 822 Quam
1260 778 1298 812 in
1312 788 1391 812 rem
1406 786 1463 810 sa-

0 851 7 876 i
26 849 129 875 orum
147 835 388 882 inprimisque
406 834 559 870 Pindari
581 844 620 868 se
650 843 716 866 uu·
739 832 788 866 tis
813 831 884 866 erit
909 829 1081 865 attulisse
1103 825 1224 861 Carm.
1238 823 1307 859 III.
1321 822 1376 857 14.
1393 820 1464 856 ΠΙ.

27 895 62 919 is
90 883 275 919 rationem
303 881 343 916 in
367 879 535 916 celsioris
566 878 630 925 qui
659 889 716 913 em
740 877 796 913 24.
814 876 884 912 111.
897 875 953 911 29.
971 874 1038 911 IV.
1049 873 1084 909 4.
1126 871 1327 907 Enimvero
1347 867 1465 903 habet

4 959 5 962 ,
26 929 157 982 piritus
170 927 394 964 carminibus
407 926 502 962 haec
518 925 592 960 tria
603 923 717 970 inpri-
740 924 815 959 hoc
841 922 922 958 sine
948 920 1063 956 dubio
1083 918 1229 954 fontem
1248 913 1465 962 primarium

27 986 73 1011 ns
86 974 158 1010 sibi
168 973 344 1021 permisit,
358 976 400 1008 ut
412 976 451 1008 et
463 971 717 1018 digressiones
743 970 907 1005 animum
925 978 1051 1002 rerum
1065 964 1252 1011 gravitate
1271 965 1309 997 et
1320 959 1464 1006 magni-

7 1023 164 1073 Δαοειιζοίς,
196 1023 234 1055 et
257 1018 524 1055 sententiarum
549 1016 718 1052 ordinem
742 1015 872 1051 tudine
881 1014 989 1060 quasi
1004 1021 1238 1064 oppressum,
1253 1011 1295 1043 ut
1307 1005 1464 1042 ferendo

20 1067 156 1102 ..benus
170 1068 423 1109 commutaret,
449 1067 487 1099 et
499 1074 587 1099 vero
608 1062 719 1098 etiam
745 1061 850 1097 oneri
874 1060 995 1105 impar
1024 1058 1197 1093 videatur
1225 1055 1390 1099 ideoque
1415 1051 1465 1086 ab

0 1163 2 1166 y
25 1111 104 1164 altu
127 1110 236 1159 quasi
258 1110 360 1146 facto
382 1108 588 1146 sententias
607 1107 718 1143 inter·
745 1107 828 1143 aliis
842 1105 1163 1158 adaliapraeceps
1178 1101 1334 1143 feratur,
1345 1097 1466 1133 cuius-

15 1157 158 1210 mediae,
172 1167 270 1204 quae
289 1156 338 1191 ad
350 1155 559 1202 pleniorem
583 1153 719 1189 intelli·
746 1164 818 1200 que
836 1152 891 1187 rei
905 1150 1176 1196 cogitationem
1195 1150 1301 1182 tanto
1316 1143 1466 1180 facilius

26 1206 169 1255 entiam
186 1202 337 1254 proprie
356 1201 648 1248 requirerentur,
676 1199 720 1233 si·
746 1210 790 1234 ac
803 1197 994 1233 lubentius
1008 1195 1204 1241 arripiens,
1226 1195 1366 1245 quanto
1383 1190 1469 1235 ipsa

25 1252 120 1301 antro
134 1250 413 1301 transmitteret.
451 1247 556 1289 Quae
572 1245 722 1293 quidem
746 1243 937 1291 praesenti
950 1242 1070 1288 ipsius
1091 1239 1243 1276 affectul
1256 1241 1370 1283 atque
1385 1247 1467 1270 sen-

30 1305 131 1348 mnla
148 1298 203 1329 ita
222 1298 309 1330 sunt
328 1296 558 1339 comparata,
583 1295 626 1326 ut
644 1302 722 1326 car·
749 1291 805 1326 sui
825 1294 884 1325 est
908 1286 1203 1324 convenientior.
1248 1283 1359 1326 Quod
1384 1281 1469 1328 quis

25 1339 247 1392 nme-lyrici
271 1343 428 1392 naturae
459 1342 573 1384 atque
602 1336 722 1390 indoli
748 1340 806 1373 est
836 1335 927 1389 quin
956 1335 1055 1369 ultro
1088 1331 1288 1378 largiatur,
1327 1328 1470 1373 lyricae

19 1396 158 1439 -gregie
182 1388 418 1438 conveniant.
466 1385 562 1420 Nam
582 1383 722 1428 d1gres-
747 1383 950 1429 poesiitem
963 1379 1212 1415 maximeesse
1223 1379 1470 1411 consentane-

25 1442 152 1487 ionum
160 1431 422 1478 quidem,quae
433 1430 579 1466 Graece
590 1442 724 1476 παρεκ-
746 1428 833 1463 um?
864 1427 1046 1464 Nimirum
1064 1423 1221 1460 mutatio
1234 1422 1309 1457 ista
1322 1423 1469 1456 senten-

18 1483 126 1515 ’ἔασας
147 1481 341 1529 vocantur,
366 1476 462 1512 haec
481 1478 539 1511 est
555 1474 663 1520 ratio,
681 1477 725 1508 ut
747 1475 884 1510 tiarum
904 1471 1045 1508 ordinis
1065 1469 1179 1506 animi
1200 1468 1350 1515 quidem
1372 1477 1470 1502 com-

20 1534 111 1560 nens
123 1523 185 1559 vel
201 1533 346 1558 ammus
363 1526 556 1568 tamquam
578 1520 722 1555 inscius
747 1520 839 1556 moti
851 1519 965 1554 index
979 1522 1048 1562 est,
1064 1528 1136 1552 nec
1148 1526 1238 1551 vero
1252 1515 1374 1559 ipsam
1389 1523 1470 1547 sen-

0 1611 1 1622 *
25 1581 46 1604 u
56 1580 98 1622 τε.
111 1568 290 1621 quapiam
304 1567 526 1621 secundaria
546 1578 628 1603 cum
642 1577 723 1601 sen-
750 1577 875 1601 sorum
888 1569 926 1601 et
941 1563 1193 1610 cogitatorum
1208 1560 1377 1596 ordinem
1389 1558 1470 1593 ullo

4 1637 5 1642 =
24 1618 126 1668 entia
142 1625 322 1667 primaria
330 1614 474 1660 ahquid
493 1612 722 1649 coniunctio·
748 1612 860 1648 modo
882 1610 1007 1646 aufert
1026 1612 1092 1645 aut
1109 1619 1241 1644 revera
1259 1605 1469 1652 perturbat,

24 1673 67 1696 us
78 1660 302 1714 liabentcita
311 1663 589 1705 immoretur,ut
601 1658 725 1694 abilla
750 1656 1057 1705 quandoquidem
1093 1665 1191 1702 quae
1224 1650 1472 1688 concitatiore

25 1707 171 1753 lemque
189 1707 340 1753 longius
365 1705 585 1742 discessisse
611 1708 649 1740 et
674 1705 723 1739 ab
749 1708 874 1740 mente
892 1702 1043 1749 prolata
1062 1704 1162 1746 sunt,
1190 1711 1236 1736 ea
1257 1701 1356 1734 certe
1376 1696 1472 1732 inte-

0 1764 3 1788 ι
24 1755 230 1799 argumento
248 1751 445 1805 proposito
470 1750 646 1787 licentius
672 1750 724 1785 di-
749 1743 1474 1789 riorenexuetcohaerentianeutiquam

0 1792 2 1836 i
25 1801 170 1844 rugatus
194 1808 279 1834 esse
301 1797 483 1833 videatur.
532 1795 646 1832 Cuius
670 1795 725 1831 rei
751 1796 1015 1832 destituuntur.
1072 1793 1248 1839 Denique
1286 1790 1399 1826 etiam
1434 1788 1475 1823 in

0 1843 2 1898 ξ
24 1843 183 1889 ιῑθωρὶε,
202 1846 290 1896 sunt
307 1842 468 1886 Carm.1.
481 1843 513 1878 7.
526 1841 664 1877 111.13.
678 1842 725 1877 al.
752 1842 915 1878 carmine
929 1840 1048 1887 lyrico
1063 1839 1117 1875 ita
1130 1838 1185 1883 fit,
1198 1843 1241 1873 ut
1254 1835 1402 1872 omissis
1415 1834 1472 1879 iis,

0 1907 2 1940 ᾗ
25 1890 179 1941 Quarum
199 1889 348 1942 quidem
359 1900 450 1924 usus
462 1889 604 1935 lyricae
618 1888 726 1934 poesi
752 1899 848 1935 quae
869 1885 1151 1933 perspicuitatis
1171 1888 1210 1920 et
1228 1881 1474 1918 connexionis

0 1951 1 1958 ¹
25 1938 391 1987 zonvenientissimus
404 1938 472 1970 est.
497 1934 646 1980 Quippe
656 1933 726 1969 ori—
754 1932 1022 1970 sententiarum
1043 1941 1178 1966 caussa
1196 1927 1475 1974 interponenda

0 1990 2 2023 ἕ
24 1983 127 2033 intur
137 1979 226 2032 1llae
244 1980 341 2033 ultro
362 1991 385 2016 a
428 1991 476 2016 ue
496 1984 641 2026 sponte,
658 1979 726 2014 sic·
751 1979 914 2022 fuerunt,
926 1977 1100 2013 continuo
1109 1972 1474 2020 subiunganturalia,

0 2033 3 2060 ι
25 2025 82 2061 lbl
99 2036 245 2061 ammus
265 2037 343 2061 sive
365 2036 410 2061 ve
440 2026 643 2079 ementiore
663 2025 727 2061 ali-
754 2036 850 2072 quae
863 2035 940 2059 non
955 2023 1132 2059 continuo
1148 2018 1419 2067 expectaveris,
1434 2022 1477 2053 ut

25 2081 90 2117 luo
105 2082 219 2107 sensu
228 2075 434 2125 commotus
443 2083 520 2108 sive
529 2072 728 2107 cels10rum
755 2082 868 2117 quum
877 2069 1016 2105 omissa
1030 2067 1218 2104 sententia
1226 2065 1475 2112 generaliore,

23 2127 138 2170 rerum
168 2121 398 2170 cogitati-one
429 2118 595 2163 repletus
621 2117 730 2162 quasi
756 2128 852 2163 quae
864 2115 1090 2151 illustranda
1100 2115 1159 2159 sit,
1176 2112 1303 2148 statim
1316 2110 1476 2146 afferun-

24 2166 153 2198 .nvitus
171 2162 305 2216 haeret
320 2174 360 2198 in
374 2163 547 2216 cognatis
559 2167 597 2216 et
608 2162 729 2198 affini-
753 2167 814 2198 tur
839 2162 1020 2207 exempla,
1047 2171 1145 2207 quae
1171 2159 1220 2195 ad
1239 2169 1322 2194 eam
1339 2157 1476 2192 illumi-

24 2219 88 2261 οὓς
130 2209 302 2245 sensibus
342 2211 381 2245 et
422 2209 728 2290 cogitationibus.
753 2208 1088 2244 nandamvaleant.
1126 2203 1343 2241 Cuiusmodi
1357 2208 1476 2238 trans-

23 2254 214 2307 Smmvero
247 2255 467 2308 quemadmo
497 2266 559 2290 um
587 2255 626 2290 in
657 2266 729 2290 ser·
753 2255 821 2290 itio
836 2266 913 2290 non
932 2254 1062 2299 inepte
1082 2255 1241 2287 vocatur
1260 2252 1371 2285 saltus
1391 2249 1475 2294 lyri-

24 2300 189 2353 nombus
208 2300 456 2353 familiaribus
474 2300 555 2354 fieri
575 2301 728 2346 assolet,
755 2313 825 2342 cus,
841 2298 1149 2347 quandoquidem
1163 2297 1273 2332 sicuti
1286 2297 1324 2331 in
1338 2294 1476 2338 eundo,

23 2348 268 2393 utprunanae
286 2357 341 2382 rei
355 2347 600 2399 d1sputat30ni
618 2347 730 2382 inter·
754 2347 808 2382 ita
832 2346 944 2382 etiam
967 2345 1008 2380 in
1027 2344 1246 2390 cogitando,
1266 2342 1334 2377 ubi
1353 2339 1478 2376 omnia

23 2396 205 2437 ponantur
216 2403 344 2445 earum
354 2404 477 2428 rerum
491 2393 730 2439 disceptatio·
754 2393 867 2439 plene
876 2388 1362 2436 enuntiantur,pedetentim
1370 2386 1479 2433 quasi

22 2444 201 2491 Qquae
214 2438 551 2492 interloquendum
564 2439 731 2484 inprimis
755 2438 1037 2485 progredimur,
1074 2440 1118 2471 ut
1146 2435 1320 2482 profecto
1359 2432 1478 2468 saltus

20 2491 179 2520 mum
191 2485 464 2537 advertunt,1ta
478 2488 589 2520 etiam
602 2486 641 2520 in
654 2496 732 2520 car—
757 2484 894 2531 aliquis
914 2483 1038 2519 factus
1058 2493 1142 2518 esse
1155 2481 1340 2523 videatur,
1362 2489 1479 2526 quum

22 2525 332 2617 Qus-lycia
357 2531 506 2583 accldit,
532 2531 571 2565 in
595 2531 731 2577 quibus
759 2529 947 2566 sententia
988 2528 1117 2574 aliqua
1157 2525 1382 2562 intermedia
1431 2524 1478 2559 si-

48 2610 63 2617 „
138 2576 202 2612 odi
241 2587 470 2622 lgressmnes
484 2588 528 2612 eo
542 2577 663 2623 magis
676 2577 732 2611 lo·
757 2576 874 2612 lentio
906 2573 1183 2610 transmittitur.
1232 2571 1356 2606 Huius
1386 2581 1476 2605 vero

33 2635 95 2677 ‘''ssj'
111 2632 233 2676 fuum
255 2625 419 2675 tuentur,
447 2633 520 2668 quo
545 2622 664 2668 magis
684 2623 732 2658 ab
757 2621 913 2657 rationis
944 2620 1117 2666 exempla
1146 2619 1248 2664 apud
1276 2616 1479 2652 Horatium

34 2682 134 2723 ⁴333
162 2672 411 2704 commotione
445 2667 734 2714 proficiscuntur
759 2672 846 2703 sunt
863 2665 1181 2713 frequentissima,
1202 2668 1245 2698 ut
1262 2662 1393 2716 pigeat
1406 2661 1478 2696 sin-

37 2726 42 2736 2
66 2748 84 2767 x
100 2723 172 2767 :gre
190 2714 275 2760 plus
297 2714 425 2750 valent
444 2713 492 2752 ad
513 2715 733 2751 collustran-
759 2714 850 2760 gula
872 2722 1079 2749 memorare
1104 2714 1169 2748 aut
1194 2709 1325 2745 ordine
1350 2718 1480 2744 recen-

53 2762 62 2775 *
80 2763 97 2802 ’.ἶ
103 2773 130 2791 ν’
148 2771 238 2800 atius.
1223 2773 1250 2800 D

530 163 568 198 Q·
592 160 754 190 HORATII
776 157 917 186 FLAOOI
1327 144 1453 177 XLIX
