1592 2808
573 177 612 213 Q.
636 174 798 204 nomi-11
818 172 959 201 mcci
1358 163 1491 196 Lx111

26 247 255 309 ‹vpriusqum
275 257 392 310 poeta
413 253 499 290 idus
521 251 755 289 Decembres
778 260 914 285 vacare
951 245 1176 292 decreverit,
1225 256 1303 281 non
1344 242 1496 297 quidem

42 306 240 343 redeuntes
251 301 356 338 vidit.
403 301 460 336 Ex
475 310 549 346 quo
568 297 754 334 tutissime
781 295 1031 331 scholasticae
1043 293 1111 338 illi,
1121 292 1187 327 sed
1200 292 1326 337 potius
1341 302 1386 333 ei,
1400 298 1496 336 quae

46 350 174 404 colligi
184 349 282 394 licet,
309 359 393 383 eum
406 345 649 392 epistolarum
669 342 755 378 libri
782 341 918 387 spretis
945 340 1157 376 scholarum
1176 337 1347 372 formulis
1365 345 1497 388 perpe·

45 397 154 446 primi
163 393 363 433 editionem
383 396 448 428 aut
467 393 539 427 iam
553 402 586 426 a.
599 389 677 425 734.
692 391 757 424 aut
780 391 844 422 tuo
858 387 954 422 illud
967 385 1143 432 anquirat
1155 388 1194 419 et
1208 381 1498 428 circumspiciat,

48 440 179 483 saltam
205 451 238 476 a.
263 438 340 475 735.
373 438 526 473 ineunte
551 435 755 482 paravisse.
782 434 883 480 quod
902 433 951 467 ad
974 432 1090 467 vitam
1113 431 1211 466 bene
1229 429 1417 474 beateque
1437 427 1499 462 de-

49 483 156 532 Qno'd
177 484 209 523 si
232 485 286 520 ita
305 496 345 520 se
370 485 503 528 habet,
528 482 755 518 necessitate
781 479 943 525 gendam
970 478 1168 514 conducat.
1218 475 1322 517 Quae
1349 473 1500 520 quidem

50 530 203 589 (ζώω
213 530 300 567 inde
315 529 488 575 efficitur,
497 533 538 564 ut
545 539 673 563 omnes
682 538 756 561 om·
783 523 1080 561 commodissime
1095 534 1127 558 a.
1137 521 1282 557 734.ve1
1296 519 1409 556 etiam
1423 517 1500 553 733.

48 574 228 628 φῑὶὺῑί
240 576 349 630 primi
368 576 551 622 epistolae
572 577 658 609 ante
673 584 757 608 eum
781 572 836 606 ita
850 571 963 606 scribi
981 569 1162 616 potuisse,
1186 567 1269 614 quis
1285 576 1428 613 quaeso
1443 567 1502 600 est

47 631 178 671 gemm
191 628 354 669 scriptae
367 622 557 668 putandae
573 620 656 654 sint.
678 619 758 654 Nec
783 618 846 663 qui
859 628 998 663 negare
1013 614 1174 651 audeat?
1199 614 1399 649 Enimvero
1414 621 1501 657 age-

46 666 133 715 [fro
155 669 235 705 ulla
258 673 316 704 est
339 668 439 703 illius
459 667 632 713 epistola,
661 675 757 711 quae
782 664 850 699 bat
879 667 957 697 tum
987 661 1171 697 Horatius
1201 659 1332 706 utique
1364 668 1503 693 annum

27 715 120 772 Qui
131 719 219 752 ante
233 726 372 751 annum
385 713 462 749 735.
475 711 642 759 potuerit
660 711 757 746 litte·
783 709 919 745 aetatis
957 706 1289 755 quadragesimum
1331 704 1503 750 quintum

27 773 95 800 zm
107 760 334 808 consignari,
356 771 468 807 quum
486 759 584 794 inter
604 769 668 793 eas
681 768 758 792 uon
784 760 850 791 aut
863 759 1018 799 sextum,
1045 757 1087 788 ut
1105 757 1207 788 recte
1227 752 1300 787 iam
1315 751 1361 786 de
1380 750 1503 796 ingra-

26 818 186 856 .paucae
199 806 448 852 reperiantur,
474 816 633 851 quarum
647 803 701 838 ori
732 803 758 836 i-
784 801 971 837 vescentis
987 800 1120 835 aetatis
1134 798 1314 834 tarditate
1324 794 1504 842 conqueri

26 865 109 891 unes
123 853 202 889 sine
217 852 332 888 dubio
352 851 401 887 ad
419 862 557 887 annum
571 849 647 885 734.
661 860 700 884 re
720 860 756 884 e-
812 847 961 890 otuerit,
977 845 1197 892 praesertim
1213 854 1326 890 quum
1339 841 1504 877 imbecil-

28 899 181 939 =r0ndae
202 902 300 944 sunt,
325 902 368 933 ut
385 908 443 943 ep.
462 897 531 932 ΙΙΙ.
551 895 656 933 VIII.
671 895 758 929 XII.
784 859 878 929 iiore
898 892 1114 928 valetudine
1133 892 1334 926 uteretur.1
1376 887 1503 934 Atque

43 941 151 982 XIX.
163 943 253 980 XX.
273 955 318 979 ac
339 943 542 979 secundum
554 941 760 977 Frankium
785 940 881 975 haec
895 951 1008 985 quum
1021 939 1075 973 ita
1089 948 1172 973 sese
1192 936 1370 977 habeant,
1393 934 1506 970 etiam

25 1013 28 1021 ·
45 991 153 1029 etiam
172 990 218 1028 V.
235 989 305 1025 IX.
323 989 467 1024 XVIII.
515 987 664 1023 Minime
685 998 760 1022 om·
785 986 872 1021 hinc
884 986 1002 1020 robur
1021 988 1131 1030 atque
1154 982 1426 1018 firmamentum
1439 991 1505 1014 no—

43 1036 145 1074 nium
157 1040 282 1072 autem
289 1035 377 1071 huic
390 1034 529 1070 rationi
542 1034 762 1069 adversatur
787 1036 886 1068 strae
900 1031 1048 1067 accedit
1067 1029 1288 1072 sententiae,
1315 1038 1427 1074 quam
1447 1038 1505 1061 su-

46 1083 207 1130 epistola
231 1081 318 1118 libri
341 1081 472 1128 prima,
499 1091 611 1127 quam
630 1091 698 1125 per
726 1090 760 1114 e·
786 1090 854 1125 pra
868 1079 915 1113 de
928 1077 1030 1113 tert-ii
1050 1076 1136 1111 libri
1165 1076 1322 1110 odarum
1341 1071 1506 1109 editione

45 1127 320 1166 ramObbarius
333 1138 409 1162 non
423 1130 510 1162 ante
519 1138 552 1162 a.
561 1126 649 1170 736„
713 1124 761 1160 ei·
788 1137 810 1161 a
823 1125 972 1160 duobus
993 1123 1100 1158 libris
1120 1121 1309 1168 prioribus
1337 1119 1508 1154 seiuncta

47 1175 196 1211 chertus
231 1177 271 1209 et
294 1172 565 1209 Grotefendius
602 1184 634 1207 a.
671 1171 761 1216 737,
788 1182 833 1206 ac
858 1173 1033 1215 separata
1057 1168 1304 1214 prodidimus.
1358 1164 1508 1199 Etenim

46 1221 95 1257 W
98 1219 356 1256 alckenaerius
370 1230 402 1254 a.
422 1218 511 1264 738.,
530 1217 763 1253 Kirchnerus
789 1215 990 1252 verisimile
1010 1215 1121 1250 nobis
1142 1225 1187 1249 ex
1206 1213 1326 1258 prima
1339 1211 1412 1246 ista
1431 1210 1508 1256 epi-

47 1279 81 1303 a.
107 1266 184 1301 739.
205 1265 383 1311 scriptam
413 1275 497 1300 esse
524 1267 762 1307 censuerunt,
790 1264 888 1298 stola
905 1261 960 1306 fit,
987 1259 1219 1296 Maecenatis
1238 1257 1406 1304 inprimis
1426 1267 1509 1303 pre-

0 1323 2 1366 *
49 1305 1508 1402 3323335‘1353332331233?{5353gsszffzsffzt‘fflza”gdpfssssszffi

48 1404 156 1439 istius
181 1383 364 1449 epistolae
395 1402 634 1448 respiciatur,
666 1412 763 1436 anno
791 1401 900 1437 dierit
913 1404 1026 1446 atque
1040 1397 1206 1444 inprimis
1220 1362 1510 1441 etiamyAugusti

49 1451 196 1486 deinum
220 1449 295 1484 736.
321 1449 382 1484 vel
406 1448 483 1483 738.
503 1447 651 1501 publici
674 1447 765 1482 iuris
792 1447 950 1483 consilia
975 1446 1021 1480 de
1046 1455 1189 1479 morum
1215 1454 1260 1478 ac
1286 1441 1510 1487 disciplinae

49 1495 172 1532 factos
192 1505 288 1540 esse,
309 1494 482 1540 adeoque
501 1494 588 1529 inde
614 1494 765 1529 conclu—
791 1491 1054 1529 emendatione
1073 1494 1151 1525 tum
1171 1489 1315 1535 agitata
1341 1486 1510 1523 carmini-

51 1541 182 1578 dentes
199 1552 247 1576 ne
262 1544 382 1593 totum
401 1540 552 1586 quidem
570 1540 670 1575 hunc
690 1539 765 1586 epi·
790 1540 861 1576 bus
883 1538 959 1573 suis
980 1537 1242 1573 commendare
1268 1538 1307 1570 et
1331 1533 1511 1569 adiuvare

52 1587 229 1624 stolarum
248 1586 384 1622 librum
409 1592 495 1621 ante
515 1597 547 1621 a.
568 1586 645 1621 739.
665 1586 765 1621 evul-
792 1584 989 1621 studuerit.
1038 1582 1114 1618 Sed
1138 1582 1212 1616 hoc
1237 1580 1388 1627 quidem
1414 1583 1456 1614 ut
1472 1578 1512 1613 in

53 1632 132 1680 gari
154 1632 335 1679 potuisse.
381 1630 436 1667 At
459 1632 555 1667 enim
584 1643 673 1667 vero
706 1643 766 1667 res
791 1631 915 1667 medio
936 1630 985 1665 sit
1003 1627 1302 1674 relinquendum,
1329 1629 1459 1672 utpote
1473 1625 1513 1660 in

54 1678 152 1732 certe
177 1678 372 1725 aliquanto
401 1689 509 1714 secus
528 1678 655 1713 habet.
702 1678 766 1714 Ni·
791 1689 894 1713 mera
918 1675 1083 1722 positum
1109 1674 1346 1716 coniectura,
1385 1676 1512 1707 tamen

52 1734 183 1778 mirum
194 1735 281 1760 vere
295 1724 407 1759 nobis
420 1724 588 1759 videmur
606 1724 644 1759 in
659 1735 766 1769 supe-
792 1724 886 1759 illud
913 1722 1064 1769 quidem
1094 1724 1199 1756 extra
1236 1718 1513 1754 dubitationem

50 1769 211 1807 rioribus
226 1770 449 1814 ostendisse,
463 1770 662 1805 Horatium
677 1770 767 1804 duo·
794 1770 1020 1805 collocatum
1035 1778 1119 1802 esse
1139 1770 1328 1811 putamus,
1354 1764 1514 1810 primum

53 1816 124 1852 bus
143 1816 248 1851 libris
273 1816 460 1862 prioribus
482 1816 637 1851 odarum
667 1827 766 1850 anno
794 1815 1038 1862 epistolarum
1053 1813 1187 1848 librum
1209 1823 1242 1846 a.
1263 1810 1340 1846 734.
1361 1810 1513 1845 absolu-

53 1861 131 1898 730.
144 1861 293 1914 ve1J3i.
313 1862 498 1897 absolutis
513 1865 625 1908 atque
639 1861 678 1897 in
692 1863 767 1896 vul·
793 1867 871 1897 tuin
886 1865 923 1896 et
935 1871 1020 1894 mox
1033 1859 1070 1893 in
1084 1858 1276 1904 publicam
1297 1857 1417 1891 lucem
1437 1854 1514 1890 edi-

53 1918 124 1955 gus
149 1918 293 1943 emisSIS
312 1907 351 1942 id
378 1907 525 1943 consilii
550 1908 767 1953 agitavisse,
794 1913 871 1943 tum
886 1917 981 1942 esse.
1029 1905 1109 1940 Iam
1134 1915 1222 1939 vero
1250 1903 1280 1937 si
1307 1901 1513 1948 quaeritur,

53 1956 96 1988 ut
118 1953 320 1999 aliquando
339 1954 446 1999 poesi
467 1954 607 1999 lyricae
628 1953 767 1988 valedi-
795 1953 947 2000 quando
969 1950 1120 1996 scriptio
1147 1950 1227 1985 eius
1250 1949 1429 1983 inchoata
1455 1947 1515 1992 sit,

57 2002 168 2044 ceret,
193 1999 353 2045 ideoque
367 2000 416 2035 ab
435 2011 480 2035 eo
499 1999 586 2034 inde
600 2004 768 2044 tempore
794 2008 1022 2043 magnopere
1046 2007 1227 2039 veremur,
1253 1999 1294 2029 ut
1312 1994 1517 2040 quidquam

55 2055 124 2091 per
151 2055 271 2097 annos
297 2045 511 2097 ‘complures
541 2045 634 2079 nihil
665 2045 769 2091 quid·
797 2044 888 2080 certi
913 2054 959 2079 ea
983 2043 1029 2077 de
1054 2052 1094 2076 re
1120 2039 1357 2093 pronuntiari
1383 2038 1516 2084 possit.

58 2101 169 2137 quam
185 2090 308 2142 meh-ci
332 2091 511 2135 edidisse,
537 2102 657 2136 usque
684 2091 770 2125 dum
796 2090 896 2125 Illud
909 2100 1022 2123 unum
1040 2088 1151 2122 nobis
1174 2087 1320 2121 videtur
1338 2096 1415 2120 non
1430 2095 1514 2119 esse

57 2147 90 2172 a.
104 2135 303 2188 7353tertio
319 2137 473 2171 odarum
494 2136 590 2171 libro
607 2137 769 2171 scriben-
797 2136 968 2179 dubium,
1006 2133 1206 2179 epistolam
1234 2131 1383 2167 tertiam
1418 2129 1517 2166 deci-

57 2182 106 2235 do
121 2182 171 2217 ad
182 2182 285 2217 illam
298 2181 461 2217 redierit.
486 2182 574 2217 Huc
587 2193 675 2217 vero
688 2193 770 2235 per—
795 2193 892 2217 mam
916 2180 989 2216 iam
1015 2190 1113 2215 anno
1140 2179 1217 2213 730.
1237 2178 1298 2213 vel
1323 2177 1401 2212 731.
1429 2176 1518 2211 scri-

56 2231 151 2263 tinet
197 2227 380 2280 epistolae
454 2228 567 2263 rimae
615 2227 771 2263 initium.
796 2233 900 2274 ptam
913 2237 1008 2270 esse,
1025 2237 1098 2272 quo
1113 2229 1280 2270 tempore
1295 2228 1411 2269 poeta
1425 2223 1516 2257 duo-

58 2273 290 2326 Quumenim
305 2274 413 2308 Musa
465 2273 574 2309 oratii
593 2274 712 2326 lyrica
726 2285 770 2309 eo
796 2285 877 2308 rum
902 2272 1067 2319 priorum
1099 2270 1280 2306 librorum
1313 2269 1518 2315 lyricorum

59 2329 133 2366 quo
153 2319 311 2354 diximus
329 2322 497 2365 tempore
518 2320 770 2364 conticuisset,
796 2331 928 2355 recens
955 2318 1201 2353 collectorum
1227 2315 1450 2351 fasciculum
1470 2313 1519 2349 ad

59 2364 299 2418 compellavit
317 2364 516 2418 Maecenas
542 2365 700 2400 amicum
726 2366 771 2400 de
797 2365 1010 2411 Augustum
1040 2362 1256 2398 transmisit.
1317 2360 1356 2396 Si
1394 2364 1519 2395 tamen

57 2414 269 2446 intermisso
305 2410 446 2456 lyricae
482 2413 608 2457 poesis
635 2411 770 2456 studio,
798 2411 910 2447 etiam
942 2409 1182 2445 coniecturae
1214 2409 1286 2443 hac
1315 2407 1354 2442 in
1382 2416 1519 2441 caussa

61 2466 218 2509 cumque
243 2456 458 2492 exhortatus
484 2462 553 2503 est,
579 2462 622 2492 ut
645 2469 772 2492 rursus
798 2456 943 2503 aliquid
967 2455 1207 2490 tribuendum
1233 2457 1308 2498 est,
1346 2452 1520 2487 videntur

47 2501 76 2553 31
134 2513 167 2537 ci
187 2547 195 2555 ⁶
231 2502 353 2554 eneris
385 2503 549 2538 carmina
578 2508 773 2556 pangeret.
800 2514 890 2538 sane
909 2503 1005 2537 haec
1024 2504 1197 2546 poemata
1217 2499 1341 2534 omnia
1360 2498 1414 2532 illi
1428 2502 1518 2533 tem-

95 2548 171 2583 uod
185 2548 212 2582 il
229 2559 256 2600 e·
269 2552 330 2601 ita.
341 2548 538 2594 detrectat,
557 2554 599 2584 ut
617 2561 775 2595 primum
799 2548 902 2595 poris
940 2547 1061 2594 spatio
1104 2545 1290 2592 assignari
1333 2548 1519 2590 oportere,

58 2597 223 2634 aetatem
247 2605 394 2629 iamiam
411 2595 648 2630 maturiorem
668 2607 774 2630 excu-
915 2615 941 2619 ἢ

44 2659 50 2677 ·.
60 2642 140 2692 put,
178 2639 313 2674 deinde
339 2640 450 2676 etiam
473 2641 603 2676 mutati
629 2641 776 2676 consilii
834 2643 849 2668 1
868 2642 913 2667 De
933 2642 1017 2673 epist.
1043 2641 1078 2667 X·
1104 2641 1232 2666 errarunt
1251 2639 1299 2671 qui
1319 2645 1380 2664 eam
1399 2638 1474 2663 inter
1492 2644 1517 2662 a.

35 2686 245 2747 flaconem
266 2686 450 2731 ostendat,
476 2697 551 2739 ⁴3¹1st
569 2687 690 2721 missis
711 2687 776 2722 ³¹1·
801 2677 962 2737 Eiffiiissss
985 2673 1425 2742 3103223253122‘354329232‘.
1451 2678 1520 2739 {313

30 2731 216 2808 &⁸⁶⁰
246 2731 401 2767 ludicris
430 2742 539 2770 unice
571 2732 777 2778 sapientiae
801 2746 907 2778 possiti
