1546 2820
467 163 741 202 CARMINUM
764 163 863 200 LIB.
876 164 906 200 1.

208 286 292 314 non
314 271 601 327 Dindymene,
626 284 710 311 non
734 269 870 325 adytis
895 269 1027 324 quatit

206 342 388 378 mentem
413 334 672 378 sacerdotum
696 333 833 375 incola
855 332 1048 389 Pythius,

263 414 348 442 non
370 397 503 441 Liber
526 411 675 452 aeque,
701 411 786 438 non
810 403 932 438 acuta

321 462 381 504 sic
404 459 617 519 geminant
642 458 903 516 Corybantes
929 474 1037 511 aera,

208 554 346 597 tristes
371 559 418 595 ut
440 553 525 595 irae
533 568 545 603 3
570 566 673 607 quas
697 566 832 606 neque
855 551 1032 594 Noricus

207 617 385 659 deterret
408 615 519 658 ensis
543 629 620 657 nec
644 629 758 656 mare
781 614 1032 672 naufragum

262 693 340 722 nec
364 693 514 721 saevus
538 677 648 735 ignis
673 691 751 719 nec
774 679 988 721 tremendo

319 742 507 798 Iuppiter
530 741 620 797 ipse
644 755 768 783 ruens
794 741 984 783 tumultu.

207 835 337 877 fertur
359 832 654 883 Prometheus,
682 833 834 876 addere
857 834 1033 891 principi

205 899 303 941 limo
330 902 499 940 coactus
523 896 768 952 particulam
792 898 976 953 undique

264 962 493 1010 desectam,
520 965 560 1001 et
583 959 719 1002 insani
741 961 873 1004 leonis

317 1025 404 1068 vim
429 1022 644 1066 stomacho
669 1025 915 1081 apposuisse
940 1030 1094 1068 nostro.

203 1117 288 1160 irae
314 1117 532 1174 Thyesten
556 1120 681 1162 exitio
707 1117 825 1175 gravi

207 1188 407 1232 stravere,
433 1189 474 1224 et
498 1183 592 1225 altis
618 1182 789 1225 urbibus
814 1180 984 1223 ultimae

263 1250 411 1287 stetere
436 1260 629 1297 caussae,
657 1261 730 1288 cur
752 1245 934 1301 perirent

319 1306 506 1351 funditus
530 1309 864 1365 imprimeretque
889 1306 1017 1349 muris

207 1398 357 1441 hostile
382 1405 565 1443 aratrum
590 1400 796 1443 exercitus
820 1399 1017 1441 insolens.

207 1477 424 1519 compesce
449 1470 652 1507 mentem:
677 1479 746 1506 me
770 1477 936 1518 quoque
959 1461 1138 1518 pectoris

263 1528 437 1570 tentavit
458 1528 503 1570 in
527 1528 639 1571 dulci
661 1529 831 1570 iuventa

319 1589 460 1634 fervor
483 1597 524 1634 et
546 1592 591 1633 in
614 1591 769 1634 celeres
793 1589 954 1632 iambos

205 1681 319 1725 misit
341 1681 567 1735 furentem3
593 1697 704 1726 nunc
729 1697 808 1739 ego
832 1680 1001 1723 mitibus

209 1750 370 1788 mutare
395 1760 550 1801 quaero
575 1747 726 1797 tristia,
753 1746 853 1788 dum
877 1745 980 1786 mihi

262 1807 338 1850 fias
363 1809 585 1853 recantatis
611 1809 745 1852 amica

320 1871 552 1928 opprobriis
578 1873 845 1927 animumque
871 1871 1034 1914 reddas.

475 2023 737 2064 CARMEN
765 2023 910 2063 XVII,

437 2119 511 2151 AD
551 2120 955 2152 TYNDARIDEM.

210 2200 346 2244 Velox
369 2217 590 2246 amoenum
615 2218 739 2260 saepe
762 2204 1018 2246 Lucretilem

209 2271 340 2308 mutat
363 2266 535 2321 Lycaeo
559 2267 750 2318 Faunus,
777 2274 817 2309 et
840 2268 1007 2324 igneam

267 2328 452 2371 defendit
475 2336 674 2373 aestatem
700 2330 869 2386 capellis

321 2405 454 2447 usque
477 2393 581 2435 meis
605 2393 853 2449 pluviosque
877 2399 1037 2435 ventos.

210 2481 377 2538 impune
402 2490 536 2525 tutum
558 2499 634 2540 per
656 2499 803 2527 nemus
828 2483 998 2526 arbutos

211 2552 413 2600 quaerunt
434 2546 608 2589 latentes
634 2553 675 2589 et
699 2547 843 2603 thyma
867 2547 1011 2589 deviae

268 2607 414 2651 olentis
437 2623 588 2652 uxores
613 2610 762 2660 mariti,

325 2685 403 2714 nec
425 2671 576 2715 virides
601 2678 790 2715 metuunt
813 2672 1004 2715 colubras

1318 152 1371 198 15

1400 627 1441 659 10

1401 974 1442 1006 15

1401 1317 1444 1349 ‘20

1402 1690 1445 1722 25
