1500 2820
221 163 301 206 186
653 171 695 214 Q.
708 171 922 208 HORATII
937 171 1119 210 FLACCI

218 275 316 329 quid
339 290 420 317 non
444 274 616 316 ebrietas
641 275 852 330 designat?
875 283 1013 331 operta
1034 276 1216 326 recludit,

219 351 311 391 spes
336 335 448 378 iubet
471 351 562 378 esse
585 342 712 386 ratas,
738 337 790 378 ad
812 338 965 392 proelia
988 338 1112 379 trudit
1134 337 1314 389 inertem,

218 397 398 439 sollicitis
423 398 568 439 animis
593 412 696 439 onus
721 398 877 448 eximit,
903 399 1074 440 addocet
1097 405 1216 442 artes.

217 459 381 500 fecundi
405 459 551 500 calices
577 473 697 512 quem
722 474 804 501 non
827 459 959 501 fecere
984 460 1205 502 disertum?

151 533 192 564 20
217 527 422 562 contracta
445 535 567 574 quem
590 535 672 562 non
694 521 737 561 in
760 528 996 575 paupertate
1023 521 1223 564 solutum?

215 581 315 622 haec
339 596 415 637 ego
438 596 651 636 procurare
676 589 716 622 et
738 582 907 623 idoneus
931 582 1106 637 imperor
1128 589 1169 624 et
1190 598 1273 626 non

214 643 382 684 invitus:
407 657 458 684 ne
482 650 597 698 turpe
622 643 739 692 toral,
764 658 815 684 ne
840 644 1002 685 sordida
1024 659 1172 700 mappa

215 709 403 760 corruget
426 719 562 754 nares3
589 719 639 746 ne
664 719 746 746 non
769 711 808 746 et
833 705 1048 746 cantharus
1074 712 1114 747 et
1135 706 1233 748 lanx

215 767 400 808 ostendat
424 766 497 807 tibi
521 773 578 816 te;
603 781 653 807 ne
676 766 779 808 fidos
803 767 908 808 inter
930 767 1082 808 amicos

149 841 190 873 25
216 828 266 870 sit
291 828 360 882 qui
384 828 492 868 dicta
515 827 624 869 foras
649 828 845 877 eliminet3
870 834 915 868 ut
938 834 1052 870 coeat
1074 843 1148 884 par

213 890 482 945 iungaturque
506 890 606 944 pari.
637 889 809 930 Butram
833 889 906 931 tibi
932 888 1236 944 Septiciumque

214 958 254 992 et
276 951 355 992 nisi
379 965 505 992 coena
527 951 637 1005 prior
659 951 870 1006 potiorque
893 951 1029 1005 puella
1054 950 1253 993 Sabinum

213 1013 364 1054 detinet
387 1013 612 1053 adsumam.
643 1012 757 1054 locus
783 1019 845 1054 est
869 1019 909 1053 et
930 1012 1113 1067 plui-ibus
1138 1013 1312 1063 umbris;

213 1074 286 1115 sed
308 1073 428 1114 nimis
454 1079 540 1114 arta
562 1079 751 1128 premunt
774 1073 904 1115 olidae
929 1074 1114 1115 convivia
1137 1088 1294 1129 caprae.

148 1148 190 1179 30
214 1142 259 1177 tu
282 1142 430 1190 quotus
455 1150 545 1177 esse
570 1135 671 1177 velis
695 1135 871 1178 rescribe
895 1142 935 1177 et
956 1135 1078 1177 rebus
1103 1135 1264 1178 omissis

213 1197 313 1239 atria
337 1202 564 1239 servantem
587 1197 744 1252 postico
767 1196 863 1238 falle
887 1197 1086 1238 clientem.

667 1327 1091 1368 EPISTOLAVI.

601 1422 691 1454 AD
740 1422 1156 1455 NUMICIUM.

210 1505 278 1547 Nil
301 1505 489 1547 admirari
512 1519 638 1560 prope
661 1519 726 1546 res
751 1510 814 1546 est
835 1519 933 1555 una,
959 1504 1133 1554 Numici,

211 1568 395 1621 solaque,
421 1581 524 1620 quae
548 1566 678 1622 possit
700 1566 834 1608 facere
858 1573 898 1608 et
922 1581 1082 1608 servare
1106 1566 1282 1607 beatum.

210 1629 319 1670 hunc
343 1629 470 1670 solem
494 1635 533 1669 et
558 1627 694 1669 stellas
720 1634 759 1669 et
783 1628 1019 1669 decedentia
1042 1627 1160 1668 certis

211 1697 393 1746 tempora
416 1690 628 1732 momentis
655 1696 748 1731 sunt
771 1690 841 1743 qui
864 1690 1078 1732 formidine
1102 1689 1212 1731 nulla

167 1768 186 1797 5
210 1752 355 1795 imbuti
379 1758 574 1807 spectent.
606 1752 704 1806 quid
728 1766 870 1794 censes
895 1766 1064 1793 munera
1086 1758 1227 1801 terrae,

210 1815 309 1869 quid
331 1814 455 1855 maris
482 1820 684 1855 extremos
707 1812 870 1855 Arabas
895 1814 1058 1855 ditantis
1083 1819 1122 1854 et
1145 1813 1283 1863 Indos,

210 1876 365 1917 ludicra
389 1876 488 1929 quid
509 1875 678 1931 plausus
704 1883 742 1916 et
766 1875 886 1916 amici
909 1876 1015 1917 dona
1039 1874 1222 1928 Quiritis,

210 1952 291 1992 quo
317 1938 538 1992 spectanda
559 1937 700 1987 modo,
725 1951 805 1991 quo
831 1951 953 1979 sensu
977 1937 1105 1978 credis
1130 1942 1170 1978 et
1193 1935 1286 1978 ore?

210 2000 280 2054 qui
304 2000 418 2040 timet
440 1999 504 2040 his
529 1999 718 2048 adversa,
743 1998 828 2039 fere
853 1999 1020 2040 miratur
1043 1998 1186 2040 eodem

146 2075 187 2106 10
211 2076 291 2116 quo
316 2061 484 2116 cupiens
507 2067 626 2115 pacto
634 2076 645 2110 ;
669 2075 797 2115 pavor
820 2066 882 2102 est
904 2060 1118 2114 utrobique
1141 2059 1347 2110 molestus,

209 2123 431 2178 improvisa
455 2122 575 2163 simul
600 2122 756 2177 species
781 2128 954 2163 exterret
976 2129 1204 2176 utrumque.

210 2185 387 2240 gaudeat
411 2200 463 2225 an
486 2183 638 2233 doleat,
665 2183 800 2238 cupiat
823 2189 1046 2234 metuatue,
1071 2183 1169 2237 quid
1191 2183 1245 2225 ad
1266 2197 1364 2232 rem,

211 2246 246 2287 si
269 2246 467 2300 quidquid
489 2245 590 2286 vidit
613 2245 757 2286 melius
781 2245 979 2299 peiusque
1004 2259 1078 2286 sua
1101 2259 1173 2299 spe

210 2307 353 2348 defixis
379 2306 505 2348 oculis
531 2306 745 2359 animoque
771 2312 810 2347 et
834 2320 999 2361 corpore
1024 2305 1179 2361 torpet?
1202 2329 1255 2336 —

145 2383 186 2413 15
209 2369 342 2410 insani
365 2383 511 2410 nomen
536 2368 696 2423 sapiens
721 2367 841 2417 ferat,
867 2382 1020 2421 aequus
1044 2367 1183 2421 iniqui,

212 2431 314 2471 ultra
337 2444 459 2484 quam
485 2430 582 2471 satis
606 2435 668 2470 est
690 2428 879 2470 virtutem
904 2429 938 2470 si
960 2435 1071 2484 petat
1094 2429 1238 2483 ipsam.

209 2492 224 2533 i
246 2507 373 2542 nune,
399 2497 610 2546 argentum
636 2498 675 2532 et
698 2505 874 2532 marmor
897 2497 1013 2532 vetus
1038 2503 1211 2543 aeraque
1235 2494 1275 2530 et
1297 2494 1402 2530 artes

211 2554 389 2608 suspice,
414 2568 508 2595 cum
530 2553 702 2609 gemmis
729 2552 875 2607 Tyrios
900 2551 1044 2593 mirare
1068 2551 1242 2600 colores;

210 2615 343 2671 gaude
367 2615 477 2670 quod
501 2620 684 2670 spectant
708 2613 814 2655 oculi
837 2619 876 2654 te
899 2612 1008 2654 mille
1030 2612 1280 2666 loquentem3
