1592 2808
183 179 340 214 XXXIV

685 184 736 210 DE
759 183 849 211 VITA
871 184 920 211 ΕΤ
944 184 1103 212 SCRIPTIS

179 256 430 295 elaboravisse
453 254 562 292 nobis
592 256 702 301 plane
731 267 880 301 persua—
906 260 1008 292 catos
1039 268 1119 293 esse
1149 246 1210 292 rel
1231 267 1278 292 ex
1299 266 1343 292 eo
1372 255 1530 302 intelligi
1585 242 1592 263 ³

181 315 261 339 sum
281 302 339 337 sit.

213 347 287 383 Sed
299 347 468 382 nolumus
480 345 552 380 ista
563 356 661 379 nime
668 344 789 379 rimari
798 346 880 380 sub—

930 303 1006 337 uod
1029 301 1139 337 etiam
1161 299 1375 336 Archilochi
1397 259 1592 386 iambosfflffl

941 347 1064 382 raecia
1093 346 1140 380 ad
1174 345 1290 391 lyram
1320 347 1489 380 cantatos
1519 355 1559 380 es

179 393 292 428 tilius.
322 392 495 426 Praestat
506 390 565 424 his
577 389 697 423 missis
707 390 879 424 continuo
905 391 1013 427 certis
1033 393 1180 426 constat
1197 393 1362 426 veterum
1385 389 1592 449 scriptoriis}

180 481 372 518 satirarum
385 479 598 515 accessisse.
629 479 701 514 Hic
714 490 799 514 vero
809 483 879 521 sta·
903 480 1113 516 Boeckhius
1120 479 1178 515 De
1188 479 1314 514 Metris
1322 478 1471 514 Pindari
1483 479 1546 524 p.2

179 438 227 473 ad
257 435 555 482 cognoscendum
582 438 726 479 tempus
755 435 879 469 natale
903 436 1133 478 testimoniis,
1154 435 1199 470 de
1220 434 1352 480 quibus
1372 437 1540 479 exposuit
1547 433 1592 566 Ξ

177 527 241 562 tim
254 527 300 561 ab
319 525 422 560 initio
438 523 603 569 profiteri
620 523 728 558 nobis
740 523 879 568 licebit,
904 526 983 562 Nec
995 535 1081 559 vero
1116 535 1163 558 uo
1176 527 1339 569 tempore
1349 523 1496 569 scripsit
1508 534 1557 569 qu
1577 531 1580 532 ’

178 572 355 607 accedere
367 580 569 604 noseorum
579 569 786 603 criticorum
800 579 879 603 sen·
906 570 980 605 Sat.
994 570 1023 604 Ι.
1035 569 1069 613 4,
1083 569 1104 603 3
1142 579 1222 614 sqq.
1241 569 1430 614 leguntur,
1449 568 1522 603 iam
1537 571 1592 613 pff

177 615 553 660 tentiae,quip0etam
561 617 782 648 censuerunt
795 613 879 647 sati-
904 615 974 649 tuit
1007 613 1134 659 lyricis
1177 613 1396 648 carminibus
1437 609 1592 649 celsiori!

177 672 237 696 ras
257 671 341 694 suas
362 670 486 694 omnes
506 658 603 693 intra
623 669 741 693 annos
755 657 830 692 713.
845 660 882 692 ct
906 672 921 693 s
950 659 1054 693 iritus
1098 658 1175 693 ullo
1221 658 1330 693 modo
1374 656 1592 697 inclaruisse·

178 705 253 741 725.
284 704 417 739 litteris
447 703 742 748 consignavisse,
771 713 880 748 quam

178 748 397 786 sententiam
416 747 605 783 confutato
620 747 802 790 Bentleio,
842 746 880 780 ui

176 795 336 840 priorem
366 793 500 828 librum
531 793 636 827 annis
667 759 879 835 715—737„

937 703 1039 738 ximit
1062 702 1159 738 enim
1182 713 1221 737 se
1238 701 1292 737 ibi
1307 713 1458 737 numero
1477 705 1592 747 poeta

903 760 994 792 rum,
1007 751 1050 782 ut
1060 747 1240 791 novimus,
1261 746 1393 792 quibus
1407 746 1453 781 sit
1463 743 1592 792 ingeni,-¹

904 805 965 827 um
976 796 1013 827 et
1024 803 1127 827 mens
1148 791 1317 836 divinior,
1333 790 1544 843 fateturque
1563 800 1592 839 sp

176 839 422 885 posteriorem
434 837 628 872 intervallo
643 837 752 870 trium
766 836 879 870 ferme
906 837 1066 872 scribere
1079 839 1222 872 tantum
1241 835 1400 872 sermoni
1415 846 1592 881 propiora

177 895 354 919 annorum
366 882 558 917 interiecto
573 881 677 916 annis
692 881 879 916 720—722.

176 928 355 971 attribuit,
376 931 483 962 acute
503 926 749 961 defenderunt
768 925 879 960 Sana-

178 974 309 1016 donus,
323 972 561 1014 Kirchnerus,
575 970 770 1015 Frankius,
779 970 881 1005 Wal-

178 1017 407 1061 ckenaerius,
423 1017 617 1059 Weberus,
638 1015 712 1049 suis
726 1015 880 1061 quisque

176 1063 234 1098 usi
246 1062 446 1097 rationibus
454 1072 524 1096 nec
532 1061 576 1095 de
587 1060 751 1095 omnibus
759 1071 804 1094 ac
813 1060 879 1094 sin-

177 1108 274 1154 gulis
287 1107 383 1142 inter
391 1117 428 1141 se
438 1105 722 1141 consentientes.
741 1105 799 1139 De
809 1116 881 1150 qua

175 1164 216 1188 re
247 1152 434 1196 disputare
458 1150 575 1185 fusius
604 1160 702 1184 nunc
723 1161 799 1185 non
829 1153 881 1184 at-

177 1197 287 1239 tinet3
308 1195 469 1231 sufficiet
482 1193 723 1240 significasse,
742 1194 881 1229 nullam

177 1241 329 1286 reperiri
344 1241 504 1283 satiram,
519 1250 627 1285 quam
641 1243 706 1273 aut
719 1243 804 1274 ante
818 1250 880 1274 an—

177 1298 263 1321 num
277 1286 351 1320 713.
371 1289 435 1320 aut
446 1289 533 1329 post
551 1295 685 1318 annum
704 1284 780 1318 725.
795 1283 880 1318 scri-

177 1336 278 1376 ptam
293 1341 374 1365 esse
383 1329 491 1364 certis
500 1329 724 1374 argumentis
734 1330 880 1363 demon-

179 1376 286 1411 strari
300 1378 424 1421 queat,
437 1385 556 1418 neque
570 1374 646 1408 ullo
660 1374 770 1408 modo
790 1373 879 1408 veri-

179 1421 295 1455 simile
332 1431 413 1454 esse
443 1422 591 1463 poetam
621 1418 659 1452 in
690 1418 880 1453 satirarum

179 1465 378 1510 scriptione
415 1464 528 1498 semel
565 1467 786 1507 occupatum
814 1473 880 1507 per

177 1510 325 1555 longius
354 1508 531 1552 temporis
561 1507 718 1552 spatium
748 1519 770 1542 a
795 1507 879 1541 scri-

178 1555 302 1590 bendo
317 1553 514 1596 destitisse,
529 1551 616 1587 licet
631 1563 702 1603 quo
716 1555 879 1596 tempore

178 1598 446 1643 Damasippum
471 1601 695 1642 composuit,
726 1597 798 1631 hoc
824 1600 882 1631 est

180 1643 329 1678 satiram
354 1642 437 1676 libri
463 1642 615 1676 secundi
632 1641 776 1675 tertiam
800 1651 879 1676 exe-

177 1692 266 1723 unte
281 1699 377 1722 anno
387 1687 461 1720 721.
470 1686 602 1720 litteris
616 1686 879 1737 consignatam,

178 1733 381 1783 paullisper
400 1730 585 1765 scribendi
608 1735 756 1776 negotio
775 1741 880 1765 vaca-

178 1777 275 1812 visse
289 1777 464 1811 Videatur.
489 1776 567 1812 Nec
575 1786 660 1810 vero
675 1774 880 1810 dubiumvi-

181 1822 297 1863 detur,
319 1821 407 1866 quin
420 1820 576 1865 primum
593 1820 740 1865 quidem
760 1820 880 1864 singu-

179 1867 238 1902 lae
253 1867 387 1901 satirae
407 1876 571 1899 seorsum
583 1864 621 1898 in
634 1865 751 1899 lucem
763 1863 880 1909 publi-

181 1922 260 1946 cam
284 1910 505 1956 prodierint,
535 1913 668 1954 postea
698 1914 820 1943 autem
843 1909 881 1943 in

181 1957 274 1991 duos
288 1955 487 1991 fasciculos
498 1954 573 1988 sive
582 1954 696 1988 libros
705 1954 881 1988 collectae

180 2001 376 2047 evulgatae
390 1999 474 2043 sint,
501 2009 657 2044 quorum
674 1998 831 2043 priorem
849 2009 881 2033 a.

181 2046 271 2091 720„
284 2044 527 2091 posteriorem
539 2055 571 2078 a.
584 2043 659 2078 725.
673 2043 882 2078 confectum

182 2101 264 2126 esse
278 2089 472 2135 probabile
491 2091 559 2133 est,
585 2087 692 2122 sicuti
711 2087 784 2122 alio
798 2088 881 2122 loco

182 2135 431 2170 ostendemus.

214 2179 381 2231 Apparet
392 2178 515 2230 igitur,
521 2188 655 2212 nomen
661 2176 806 2212 Horatii
812 2177 883 2222 pri-

904 886 946 917 ut
956 893 1072 934 prope
1087 880 1282 933 suspiceris
1296 891 1379 916 eum
1389 884 1478 924 tuni,
1493 891 1592 926 quun

905 927 998 962 haec
1021 930 1074 961 ita
1098 937 1170 961 scri
1198 926 1262 970 sit,
1293 936 1340 960 ne
1363 925 1504 970 Epodis
1529 919 1592 970 qui

907 973 988 1006 dem
1019 971 1165 1006 scriben
1192 970 1223 1005 is
1246 970 1422 1005 maiorem
1446 969 1592 1015 aliquan

905 1016 1061 1051 nominis
1072 1014 1324 1051 claritudinem
1332 1015 1505 1060 adeptum
1512 1014 1592 1050 esse

907 1060 981 1096 Sed
1003 1061 1097 1096 haec
1125 1063 1313 1105 utcunque
1344 1070 1425 1094 sese
1453 1059 1592 1096 habent

907 1109 1005 1140 certe
1019 1117 1085 1150 per
1098 1116 1137 1140 se
1149 1105 1294 1140 minime
1308 1108 1365 1140 est
1375 1103 1592 1140 incredibile

905 1151 944 1185 id
959 1151 1059 1196 quod
1071 1150 1181 1185 etiam
1191 1149 1419 1184 Kirchnerus
1433 1151 1471 1183 et
1483 1147 1592 1184 Obba

905 1195 980 1230 rius
995 1198 1211 1239 statuerunt,
1229 1193 1422 1229 Horatium
1434 1193 1507 1228 iam
1521 1195 1592 1229 anta

906 1240 980 1275 724.
995 1240 1106 1275 etiam
1117 1239 1190 1275 alia
1203 1238 1362 1274 carmina
1373 1237 1490 1290 lyrica
1501 1247 1592 1282 prae

905 1289 961 1319 ter
979 1285 1121 1330 epodos
1138 1283 1357 1328 tentavisse,
1376 1283 1464 1317 licet
1482 1281 1591 1318 certis

906 1329 1033 1363 simum
1047 1329 1104 1373 sit,
1119 1340 1201 1364 eum
1219 1328 1371 1374 primum
1387 1326 1508 1362 laudis
1520 1337 1592 1371 poe

906 1374 1001 1409 ticae
1029 1373 1247 1408 curriculum
1270 1373 1318 1407 ab
1343 1371 1545 1407 Satirarum
1568 1382 1592 1406 e·

905 1419 1118 1476 Epodorum
1125 1417 1324 1462 scriptione
1331 1427 1500 1451 exorsum
1513 1426 1592 1451 esse

940 1464 1013 1498 Sed
1030 1466 1274 1508 posteaquam
1286 1461 1452 1505 vidimus,
1473 1460 1592 1506 quibu:

904 1509 1108 1542 litterarum
1139 1506 1270 1541 studiis
1294 1505 1473 1541 Horatius
1498 1515 1590 1540 vaca

905 1552 997 1587 verit
1014 1563 1058 1587 ex
1078 1562 1150 1597 quo
1163 1555 1327 1596 tempore
1346 1554 1432 1596 post
1442 1561 1592 1595 pugnari

904 1597 1180 1642 Philippensem
1198 1596 1236 1630 in
1254 1595 1410 1641 patriam
1427 1595 1541 1630 redux
1553 1593 1592 1630 fa

906 1646 985 1677 ctus
999 1645 1078 1676 erat
1085 1644 1123 1676 et
1135 1638 1463 1675 scribaemunusin
1476 1650 1515 1674 se
1529 1650 1590 1674 sus

907 1689 1070 1731 ceperat,
1095 1696 1171 1720 non
1193 1685 1321 1720 inutile
1352 1684 1437 1729 erit,
1463 1683 1592 1728 opinor

906 1731 1014 1766 etiam
1037 1730 1165 1775 paucis
1197 1729 1418 1775 disperisse,
1449 1739 1592 1774 quanan

905 1776 1002 1810 vitae
1015 1780 1188 1826 externae
1202 1774 1411 1826 conditione
1424 1784 1535 1818 porro
1547 1784 1590 1808 us

907 1831 977 1909 32¹2?
989 1821 1592 1917 {fia‘ss‘itfflffiffffiffssssssmffiffl

906 1909 1078 1944 iudicmm
1097 1910 1142 1943 de
1161 1913 1336 1953 tempore,
1363 1918 1435 1954 quo
1462 1907 1592 1952 singul:

905 1954 1020 1999 ipsius
1049 1957 1222 1998 poemata
1246 1952 1384 1998 scripta
1413 1952 1502 1996 sint,
1532 1961 1592 1986 ma

906 2010 1016 2044 gnam
1038 2002 1178 2043 partem
1203 1997 1448 2042 suspenditur,
1482 2006 1591 2031 vernn

907 2044 1016 2078 etiam
1047 2043 1181 2078 clarius
1205 2041 1436 2087 intelligitur,
1492 2041 1530 2075 ui
1553 2039 1592 2076 fa

908 2092 1004 2122 ctum
1029 2087 1086 2132 sit,
1111 2091 1153 2122 ut
1170 2090 1283 2132 poeta
1301 2087 1465 2121 eum'stu
1491 2085 1590 2120 iorun

908 2137 945 2167 et
965 2132 1201 2167 consiliorum
1220 2141 1369 2166 suorum
1387 2141 1532 2164 cursum
1554 2132 1590 2164 te

907 2178 1045 2229 nuerit,
1067 2188 1173 2223 quem
1192 2176 1239 2211 ab
1259 2186 1304 2210 eo
1325 2178 1507 2210 servatum
1525 2185 1584 2209 ess

180 2236 279 2260 mum
302 2224 519 2258 inclaruisse
537 2222 750 2267 Epodorum
773 2226 883 2267 atque
907 2222 979 2257 iam
1009 2234 1047 2256 iii
1073 2220 1322 2266 superioribus
1353 2219 1588 2254 animadverti

184 2269 386 2305 Satirarum
405 2267 613 2312 scriptione.
656 2267 885 2312 Quamquam
908 2278 998 2301 mus.
1043 2267 1175 2311 Itaque
1201 2265 1246 2300 de
1270 2264 1327 2298 his
1357 2264 1468 2299 rebus
1492 2262 1588 2309 prius

182 2314 395 2359 neutiquam
418 2311 593 2347 credibile
617 2314 675 2347 est
696 2311 816 2356 ipsum
840 2322 883 2346 eo

183 2363 348 2403 tempore
356 2357 487 2402 poesin
494 2357 663 2408 lyricam,
673 2367 745 2401 qua
752 2359 884 2400 postea

910 2323 1018 2390 guam
1030 2311 1078 2346 ad
1090 2310 1237 2345 tertiam
1248 2308 1346 2344 vitae
1363 2308 1479 2354 ipsius
1491 2307 1588 2352 peric

934 2367 1005 2399 um,
1026 2366 1135 2400 quam
1149 2365 1259 2399 supra
1270 2353 1587 2404 posuimus,·trans

184 2403 368 2447 excelluit,
387 2402 497 2447 plane
518 2402 737 2447 neglexisse.
775 2399 885 2435 Cuius
909 2400 1128 2446 gradiamur,
1142 2399 1215 2434 hoc
1233 2398 1317 2433 loco
1331 2407 1544 2443 exposuisse
1556 2407 1587 2431 it

184 2453 307 2483 tamen
373 2446 578 2482 sententiae
632 2449 886 2491 argumentum
910 2445 1021 2480 vab-it.

183 2493 286 2528 nenti
313 2503 399 2527 uam
421 2491 538 2536 repeti
555 2494 680 2535 potest
704 2501 749 2524 ex
766 2489 884 2534 Epod.

944 2489 1052 2531 Quod
1069 2488 1182 2534 igitur
1195 2491 1406 2533 speraverat
1416 2486 1586 2522 Horat-im

184 2538 279 2573 17.v.
309 2535 426 2581 9.,ubi
441 2536 541 2581 quod
554 2537 696 2570 mendax
706 2537 885 2580 lyracom-
910 2534 1071 2569 futurum
1096 2544 1189 2577 esse,
1214 2536 1256 2567 ut
1279 2531 1435 2568 colenda
1485 2530 1563 2566 ossi

184 2586 417 2626 memoratur,
430 2580 590 2633 pertinet
602 2580 673 2614 hoc
687 2579 765 2615 sine
773 2579 884 2615 dubio
909 2579 1006 2614 vitae
1015 2577 1253 2622 obscuritate,
1266 2578 1305 2612 in
1317 2588 1390 2623 qua
1396 2576 1444 2612 ab
1473 2575 1544 2610 'tus
1555 2574 1584 2610 Ιε

185 2628 235 2663 ad
261 2628 389 2662 iambos
419 2636 494 2660 sive
531 2625 683 2670 epodos,
722 2635 813 2670 quos
850 2626 887 2659 et
909 2624 1023 2668 tebat,
1039 2622 1144 2657 citius
1158 2624 1372 2668 emergeret,
1386 2621 1425 2655 id
1437 2621 1471 2656 ei
1485 2620 1584 2666 singt

184 2672 286 2718 ipsos
293 2672 341 2707 ad
352 2670 505 2716 lyricum
516 2669 640 2715 poesis
654 2680 771 2715 genus
783 2679 885 2704 revo-
909 2668 978 2703 lari
997 2668 1165 2704 fortunae
1183 2665 1372 2702 faustitate
1389 2664 1580 2701 brevissim
