1500 2820
426 199 701 238 CARMINUM
724 198 824 236 LIB.
841 198 911 235 III.

471 377 735 418 OARMEN
763 377 866 416 XX.

402 474 936 509 Anrrssnnuu

214 562 310 605 Non
334 561 469 612 vides,
495 565 651 616 quanto
675 574 845 602 moveas
869 559 1036 616 periclo,

215 625 396 683 Pyrrhe,
424 622 627 668 Gaetulae
652 622 811 666 catulos
835 622 1030 665 leaenae?

215 688 319 731 dura
341 693 437 745 post
459 686 599 744 paullo
623 685 761 743 fugies
785 686 968 728 inaudax

299 750 456 808 proelia
477 755 630 806 raptor,

216 859 345 900 quum
366 857 441 900 per
464 842 676 886 obstantes
700 841 897 884 iuvenum
922 848 1108 884 catervas

215 906 293 950 ibit
314 906 523 964 insignem
545 911 736 962 repetens
761 905 1017 948 Nearchum:

216 969 373 1028 grande
398 975 625 1020 certamen,
651 967 726 1012 tibi
749 969 905 1026 praeda
929 970 1048 1011 cedat

301 1033 450 1085 maior,
477 1048 529 1075 an
554 1032 624 1074 illi.

216 1125 400 1176 interim,
425 1124 527 1167 dum
551 1132 596 1166 tu
621 1124 774 1166 celeres
800 1124 974 1182 sagittas

217 1189 393 1246 promis,
418 1188 522 1231 haec
546 1188 691 1230 dentes
716 1188 827 1230 acuit
850 1188 1069 1239 timendos,

217 1251 370 1295 arbiter
391 1266 558 1308 pugnae
583 1251 775 1307 posuisse
799 1251 912 1294 nudo

304 1314 382 1358 sub
405 1315 513 1372 pede
536 1314 718 1371 palmam

217 1407 365 1459 fertur,
391 1413 432 1449 et
454 1406 539 1449 leni
561 1421 746 1449 recreare
771 1413 896 1449 vento

220 1486 411 1527 sparsum
436 1469 616 1513 odoratis
642 1469 860 1512 humerum
886 1470 1058 1526 capillis,

217 1534 351 1590 qualis
376 1539 448 1576 aut
469 1533 619 1576 Nireus
644 1533 742 1584 fuit,
768 1539 838 1576 aut
864 1548 1023 1589 aquosa

302 1602 446 1653 raptus
470 1595 523 1639 ab
549 1596 638 1638 Ida.

465 1770 883 1812 CARMENXXI.

380 1867 472 1900 An
520 1848 997 1901 AMPHORAM(

195 1951 236 1997 Ο
262 1959 361 1995 nata
383 1967 548 1995 mecum
572 1952 742 1995 consule
766 1951 941 2003 Manlio,

195 2030 270 2058 seu
293 2022 339 2058 tu
362 2015 552 2070 querelas
577 2015 666 2058 sive
689 2015 800 2072 geris
824 2015 938 2058 iocos

253 2094 328 2122 seu
350 2079 484 2122 rixam
507 2085 547 2121 et
569 2079 739 2121 insanos
763 2094 925 2121 amores

308 2157 383 2185 seu
406 2142 590 2193 facilem,
614 2143 684 2199 pia
707 2148 832 2194 testa,
858 2158 1062 2194 somnum,

195 2248 458 2289 quocumque
481 2234 634 2276 lectum
657 2235 823 2277 nomine
847 2234 1080 2278 Massicum

199 2311 361 2347 servas,
385 2297 544 2339 moveri
567 2297 694 2355 digna
717 2297 827 2340 bono
852 2298 931 2349 die,

252 2360 474 2411 descende,
501 2360 683 2404 Corvino
707 2361 887 2414 iubente,

307 2438 496 2479 promere
519 2424 779 2481 languidiora
801 2425 910 2467 vina.

197 2529 280 2557 non
301 2514 389 2566 ille,
415 2530 666 2571 quamquam
694 2514 918 2559 Socraticis
942 2516 1081 2559 madet

198 2577 474 2630 sermonibus,
499 2585 540 2621 te
564 2579 748 2636 negliget
773 2579 983 2622 horridus:

252 2647 440 2683 narratur
462 2647 503 2684 et
525 2642 651 2698 prisci
676 2642 849 2685 Catonis

311 2718 434 2760 saepe
457 2719 572 2747 mero
595 2705 772 2748 caluisse
795 2705 939 2748 virtus.

1297 189 1344 231 71

1386 1205 1428 1237 10

1385 1549 1424 1580 15

1387 2594 1429 2625 10
