1500 2820
226 183 306 229 218
646 194 688 235 Q.
707 190 923 228 HORATn
941 189 1120 227 FLAGci

225 306 265 341 et
287 297 573 353 tempestivum
595 296 732 351 pueris
756 295 975 338 concedere
998 294 1152 344 ludum,

225 375 273 402 ac
294 375 377 402 non
399 359 525 400 verba
549 358 663 412 sequi
687 357 834 399 fidibus
858 356 1104 398 modulanda
1126 355 1299 406 Latinis,

226 422 299 464 sed
321 436 441 463 verae
464 434 736 473 numerosque
760 419 984 472 modosque
1008 418 1187 459 ediscere
1209 418 1327 459 vitae.

138 497 200 528 145
225 484 414 538 quocirca
437 496 596 523 mecum
619 481 762 534 loquor
784 480 886 522 haec
909 480 1135 532 tacitusque
1158 478 1360 520 recordor:

227 546 287 597 „si
311 545 384 586 tibi
407 544 518 585 nulla
541 543 649 584 sitim
672 542 805 583 finiret
828 541 945 596 copia
966 540 1169 595 lymphae,

223 620 407 648 narrares
431 604 619 646 medicis:
644 604 754 657 quod
777 609 928 657 quanto
951 602 1068 657 plura
1089 601 1252 656 parasti,

225 675 336 709 tanto
360 667 476 722 plura
500 666 633 720 cupis,
659 665 811 705 nulline
835 664 998 704 faterier
1021 662 1172 704 audes?

226 730 262 771 si
284 729 431 770 vulnus
457 728 530 770 tibi
553 735 776 770 monstrata
798 727 934 767 radice
957 725 1022 766 vel
1047 724 1172 765 herba

139 806 201 836 150
225 806 307 832 non
330 791 443 832 fieret
465 789 613 838 levius,
639 789 803 844 fugeres
827 787 962 828 radice
985 786 1051 827 vel
1074 785 1200 827 herba

224 853 458 909 proficiente
482 851 581 892 nihil
604 850 790 892 curarier.
822 849 1026 898 audieras,
1051 848 1117 889 cui

225 930 311 957 rem
335 915 375 956 di
400 915 613 963 donarent,
639 913 697 953 illi
720 912 915 952 decedere
938 925 1106 965 pravam

163 999 166 1002 *
227 977 454 1026 stultitiam3
481 983 519 1017 et
543 990 669 1029 quum
694 974 749 1015 sis
773 973 898 1014 nihilo
924 972 1158 1026 sapientior,
1184 985 1236 1011 ex
1258 984 1338 1023 quo

225 1040 382 1095 plenior
405 1054 467 1088 es,
493 1045 628 1079 tamen
651 1036 776 1078 uteris
800 1033 1066 1076 monitoribus
1090 1032 1245 1074 isdem?

140 1115 202 1145 155
227 1108 268 1143 at
292 1102 326 1143 si
350 1101 513 1142 divitiae
537 1099 777 1154 prudentem
800 1097 967 1138 reddere
990 1101 1171 1151 possent,

227 1163 262 1204 si
286 1163 478 1217 cupidum
502 1161 769 1214 timidumque
792 1159 926 1199 minus
951 1164 1009 1207 te3
1034 1170 1179 1210 nempe
1202 1155 1381 1204 tuberes,

226 1225 380 1265 viveret
402 1225 444 1264 in
469 1222 582 1264 terris
607 1228 646 1263 te
670 1221 704 1262 si
728 1221 818 1274 quis
843 1219 1001 1260 avarior
1022 1232 1116 1259 uno.

229 1286 263 1327 si
286 1285 494 1340 proprium
519 1290 597 1332 est,
624 1282 733 1336 quod
756 1282 847 1335 quis
871 1280 974 1322 libra
997 1285 1197 1320 mercatus
1222 1283 1262 1319 et
1285 1291 1376 1319 aere
1399 1283 1472 1326 est,

227 1347 444 1401 quaedam,
471 1346 506 1387 si
529 1344 659 1386 credis
684 1342 896 1391 consultis,
922 1341 1126 1395 mancipat
1148 1354 1266 1388 usus3

142 1423 204 1455 160
228 1408 297 1463 qui
321 1415 359 1449 te
383 1407 513 1462 pascit
536 1421 651 1462 ager,
677 1411 769 1446 tuus
795 1411 874 1454 est,
900 1410 939 1444 et
961 1402 1118 1443 villicus
1145 1399 1262 1450 Orbi,

229 1485 354 1524 quum
379 1475 538 1525 segetes
564 1474 695 1517 occat,
720 1466 793 1508 tibi
816 1480 912 1507 mox
935 1464 1138 1506 frumenta
1161 1463 1337 1512 daturas,

229 1540 267 1574 te
292 1532 500 1574 dominum
526 1530 663 1579 sentit3
689 1529 761 1570 das
786 1542 950 1577 numos,
975 1526 1124 1580 accipis
1148 1539 1283 1573 uvam,

228 1594 360 1650 pullos
369 1625 379 1644 ,
406 1608 501 1643 ova,
528 1593 673 1633 cadum
697 1590 852 1632 temeti:
877 1603 1022 1643 nempe
1046 1587 1166 1629 modo
1189 1587 1269 1628 isto

228 1655 438 1711 paullatim
461 1654 650 1695 mercaris
676 1667 837 1708 agrum,
862 1651 1034 1692 fortasse
1060 1648 1246 1690 trecentis

144 1730 205 1761 165
230 1724 300 1758 aut
325 1717 445 1758 etiam
471 1730 593 1770 supra
616 1728 832 1755 numorum
855 1711 1033 1753 millibus
1059 1716 1224 1751 emtum.

231 1779 329 1832 quid
352 1778 492 1827 refert,
517 1777 631 1818 vivas
656 1781 866 1816 numerato
890 1788 1019 1828 nuper
1041 1787 1094 1813 an
1117 1770 1237 1812 olim?

232 1847 360 1882 emtor
382 1838 540 1880 Aricini
563 1838 769 1892 quondam
793 1835 976 1877 Veientis
1001 1840 1041 1875 et
1064 1833 1149 1874 arvi

232 1908 385 1943 emtum
409 1906 551 1942 coenat
575 1899 682 1948 olus,
708 1897 893 1951 quamvis
918 1896 1034 1937 aliter
1055 1899 1188 1950 putat3
1213 1893 1330 1935 emtis

233 1963 308 2005 sub
332 1969 492 2004 noctem
516 1961 692 2016 gelidam
716 1959 836 2015 lignis
862 1957 1074 1999 calefactat
1097 1955 1284 1997 ahenum.

145 2038 208 2070 170
233 2024 304 2066 sed
328 2030 446 2065 vocat
472 2037 599 2076 usque
625 2036 762 2070 suum,
787 2035 868 2074 qua
890 2019 1064 2074 populus
1089 2017 1221 2058 adsita
1243 2016 1362 2057 certis

230 2085 426 2128 limitibus
450 2084 583 2125 vicina
606 2083 756 2138 refugit
779 2082 928 2136 iurgia3
954 2089 1160 2133 tamquam

233 2147 285 2190 sit
307 2146 515 2202 proprium
538 2145 776 2199 quidquam,
802 2149 951 2198 puncto
976 2141 1086 2195 quod
1109 2139 1268 2181 mobilis
1292 2138 1414 2179 horae

231 2224 340 2251 nunc
363 2222 499 2264 prece,
524 2221 631 2248 nunc
655 2206 801 2260 pretio,
827 2218 934 2245 nunc
958 2204 1017 2252 vi,
1042 2217 1149 2244 nunc
1174 2208 1280 2243 sorte
1306 2214 1492 2254 suprema

231 2276 433 2326 permutet
457 2269 641 2310 dominos
666 2274 705 2308 et
729 2267 846 2307 cedat
868 2266 911 2306 in
934 2265 1058 2306 altera
1081 2264 1181 2305 iura.

147 2346 209 2377 175
234 2333 310 2382 sic,
336 2331 431 2386 quia
454 2337 671 2385 perpetuus
694 2328 794 2369 nulli
818 2328 936 2369 datur
959 2341 1076 2375 usus,
1102 2332 1142 2366 et
1165 2324 1281 2365 heres

232 2393 423 2435 heredem
448 2391 610 2433 alterius
635 2389 746 2431 velut
770 2389 878 2429 unda
903 2387 1134 2442 supervenit
1156 2385 1325 2433 undam3

233 2455 332 2508 quid
354 2454 432 2495 vici
455 2458 624 2508 prosunt
647 2458 713 2492 aut
739 2450 905 2491 horrea?
928 2450 1075 2502 quidve
1103 2446 1287 2488 Calabris

235 2516 404 2558 saltibus
429 2515 575 2556 adiecti
598 2513 776 2561 Lucani,
803 2512 837 2553 si
862 2512 975 2552 metit
1001 2509 1136 2552 Orcus

234 2578 403 2634 grandia
426 2591 519 2618 cum
542 2575 696 2631 parvis,
722 2589 804 2615 non
828 2572 1041 2614 exorabilis
1067 2570 1188 2612 auro?

149 2651 212 2684 180
235 2654 437 2696 gemmas,
462 2651 655 2687 marmor,
681 2635 798 2685 ebur,
824 2634 1033 2689 Tyrrhena
1058 2632 1206 2687 sigilla,
1232 2628 1412 2676 tabellas,
