1500 2820
234 164 288 206 62

165 289 207 320 25

170 1542 209 1573 10

170 1922 209 1952 15

169 2303 211 2334 20

666 172 708 214 Q.
727 171 940 208 HORATH
955 171 1135 208 FLACOI

425 275 654 331 negligens,
678 288 731 316 ne
753 289 834 329 qua
855 275 1030 330 populus
1053 274 1221 326 laboret,

424 351 544 392 parce
567 337 749 391 privatus
772 336 942 378 nimium
965 351 1128 387 oavere3

425 399 532 440 dona
552 398 776 453 praesentis
800 412 900 454 cape
922 398 1051 440 laetus
1075 398 1199 440 horae
1222 404 1263 441 et

508 459 643 514 linque
668 473 820 501 severa.

713 606 1077 646 OARMENIX.

642 701 737 732 AD
801 700 1152 734 LYDIAM.

780 781 1015 805 HORATIUS.

371 827 516 870 Donec
539 834 678 885 gratus
704 843 814 869 eram
837 827 910 869 tibi

427 905 503 932 nec
526 890 740 944 quisquam
763 890 896 944 potior
919 889 1084 931 brachia
1107 889 1302 932 candidae

375 952 521 994 cervici
545 953 702 993 iuvenis
727 951 862 1001 dabat,

426 1014 646 1055 Persarum
669 1013 782 1070 vigui
805 1028 901 1069 rege
924 1013 1091 1055 beatior.

823 1101 973 1125 LYDIA.

372 1148 501 1189 donec
523 1163 605 1189 non
629 1148 708 1189 alia
730 1148 862 1204 magis

426 1210 560 1251 arsisti
583 1224 714 1263 neque
738 1216 824 1251 erat
845 1210 984 1265 Lydia
1005 1215 1100 1265 post
1124 1207 1295 1260 Chloen,

371 1271 487 1312 multi
510 1271 648 1326 Lydia
670 1271 845 1312 nominis

426 1333 612 1374 Romana
634 1333 749 1388 vigui
772 1333 916 1375 clarior
937 1333 1027 1375 Ilia.

780 1420 1016 1444 EORATIUffi

370 1481 435 1508 me
458 1481 566 1508 nunc
591 1467 772 1509 Thressa
797 1466 927 1508 Chloe
949 1467 1066 1522 regit,

427 1529 565 1570 dulces
590 1529 709 1570 docta
731 1529 875 1570 modos
900 1534 939 1569 et
963 1528 1139 1570 citharae
1163 1528 1308 1576 sciens,

371 1605 444 1645 pro
468 1604 550 1643 qua
571 1605 653 1631 non
676 1596 855 1631 metuam
878 1590 992 1640 mori,

428 1651 462 1693 si
484 1658 649 1707 parcent
673 1652 830 1693 animae
854 1651 940 1693 fata
963 1650 1181 1707 superstiti.

828 1738 981 1763 LYDIA.

371 1800 436 1827 me
461 1791 584 1827 torret
607 1785 696 1827 face
721 1792 863 1826 mutua

429 1847 600 1888 Thurini
626 1847 763 1890 Calais
788 1847 894 1888 filius
921 1845 1082 1902 Ornyti,

371 1924 445 1965 pro
469 1924 550 1963 quo
573 1909 636 1951 bis
660 1909 791 1964 patiar
813 1909 926 1958 mori,

429 1970 464 2011 si
486 1976 653 2025 parcent
675 1985 800 2025 puero
825 1970 909 2012 fata
932 1969 1149 2025 superstiti.

783 2057 1019 2081 HORATIUffi

373 2105 470 2159 quid
494 2104 529 2146 si
551 2104 686 2159 prisca
707 2104 811 2145 redit
834 2103 989 2153 Venus,

430 2166 696 2219 diductosque
719 2165 816 2220 iugo
841 2166 949 2221 cogit
972 2164 1122 2207 aeneo?

374 2229 408 2270 si
431 2228 537 2269 flava
560 2227 760 2269 excutitur
784 2227 926 2277 Chloe,

427 2290 678 2344 reiectaeque
701 2295 813 2344 patet
835 2289 956 2330 ianua
978 2287 1162 2343 Lydiae?

827 2376 978 2399 LYDIA-

375 2438 621 2478 quamquam
646 2423 776 2465 sidere
798 2422 1002 2478 pulchrior

428 2485 494 2526 ille
519 2490 597 2534 est,
623 2490 667 2525 tu
688 2484 814 2526 levior
837 2483 983 2525 cortice
1007 2489 1047 2524 et
1069 2481 1254 2538 improbo

373 2547 602 2588 iracundior
624 2546 782 2588 Hadria
789 2562 800 2596 ;

431 2614 564 2649 tecum
587 2608 723 2648 vivere
747 2620 896 2656 amem,
922 2611 1055 2648 tecum
1080 2604 1223 2647 obeam
1245 2604 1387 2646 libens.
