1500 2820
280 236 336 281 28

212 485 254 517 35

208 821 251 852 40

203 1777 245 1809 10

201 2114 242 2145 15

202 2448 245 2479 20

710 250 752 292 Q.
771 250 982 287 HORATII
999 251 1180 289 FLACOI

446 351 567 403 eheu,
593 353 823 396 cicatricum
847 360 887 396 et
910 354 1071 397 sceleris
1095 356 1220 411 pudet

445 413 708 468 fratrumque.
733 416 832 469 quid
854 430 928 458 nos
953 417 1055 458 dura
1075 417 1300 474 refugimus

500 477 636 518 aetas?
659 477 758 530 quid
779 477 975 520 intactum
998 478 1146 520 nefasti

551 538 770 592 liquimus?
791 539 899 581 unde
922 555 1088 582 manum
1111 541 1299 585 iuventus

440 633 552 668 metu
575 627 742 669 deorum
769 629 987 671 continuit?
1009 629 1156 684 quibus

440 689 620 743 pepercit
643 689 747 731 aris?
770 705 794 731 o
818 691 971 732 utinam
994 705 1102 732 nova

495 750 640 792 incude
664 751 854 807 diffingas
877 758 1059 794 retusum
1082 753 1124 794 in

551 810 811 868 Massagetas
835 812 1078 868 Arabasque
1102 814 1272 857 ferrum!

695 983 951 1023 CARMEN
978 984 1181 1024 XXXVI.

559 1076 608 1108 IN
634 1076 872 1109 HONOREM
894 1077 1057 1110 PLOTII
1081 1079 1318 1112 NUMIDAE.

439 1157 494 1199 Et
518 1158 634 1200 thure
659 1165 699 1200 et
721 1159 869 1202 fidibus
893 1159 1006 1201 iuvat

492 1219 653 1275 placare
678 1227 718 1262 et
740 1221 856 1262 vituli
880 1221 1076 1278 sanguine
1100 1222 1236 1264 debito

437 1282 626 1323 custodes
650 1282 851 1324 Numidae
875 1283 986 1334 deos,

491 1344 562 1397 qui
585 1358 692 1386 nunc
715 1343 920 1400 Hesperia
943 1359 1084 1400 sospes
1108 1344 1160 1387 ab
1183 1345 1324 1387 ultima

438 1432 541 1474 caris
565 1433 692 1474 multa
716 1433 935 1484 sodalibus,

492 1494 592 1535 nulli
615 1494 732 1549 plura
755 1501 891 1536 tamen
913 1495 1056 1537 dividit
1079 1496 1218 1538 oscula

438 1569 561 1609 quam
585 1556 693 1597 dulci
715 1557 906 1607 Lamiae,
931 1572 1087 1599 memor

491 1623 604 1658 actae
628 1632 710 1658 non
733 1618 811 1660 alio
835 1633 931 1674 rege
954 1619 1133 1674 puertiae

433 1712 690 1760 mutataeque
715 1707 835 1748 simul
858 1714 989 1763 togae.

492 1766 644 1809 Cressa
667 1783 718 1809 ne
742 1775 877 1810 careat
899 1769 1068 1824 pulchra
1091 1769 1177 1811 dies
1202 1775 1309 1820 nota,

433 1843 514 1871 neu
535 1836 717 1884 promtae
741 1831 884 1872 modus
909 1831 1138 1886 amphorae,

487 1905 568 1932 neu
590 1906 742 1934 morem
766 1893 808 1933 in
833 1891 990 1935 Salium
1014 1893 1065 1935 sit
1087 1894 1246 1948 requies
1269 1893 1431 1950 pedum,

433 1995 514 2022 neu
535 1980 652 2022 multi
674 1981 861 2023 Damalis
884 1981 985 2023 meri

487 2042 665 2085 Bassum
691 2044 879 2085 Threicia
901 2044 1035 2086 vincat
1058 2045 1270 2100 amystide,

432 2118 512 2146 neu
536 2105 668 2146 desint
692 2105 821 2160 epulis
844 2120 972 2156 rosae,

486 2180 566 2206 neu
589 2166 710 2207 vivax
734 2167 889 2221 apium,
913 2182 994 2208 neu
1017 2167 1138 2210 breve
1161 2168 1301 2209 lilium.

432 2269 573 2296 omnes
597 2255 640 2296 in
661 2255 855 2296 Damalin
878 2262 1016 2311 putres

487 2316 690 2371 deponent
713 2317 871 2367 oculos3
895 2331 970 2359 nec
992 2317 1179 2360 Damalis
1203 2333 1309 2362 novo

433 2377 644 2420 divelletur
667 2379 860 2430 adultero,

488 2439 650 2482 lascivis
675 2440 834 2483 hederis
859 2441 1117 2484 ambitiosior.
