1592 2808
322 523 378 573 Q.
408 522 687 564 HORATII
721 521 954 562 FLAom

67 586 1127 734 'Q'OARMINUM

414 811 593 848 LIBER
627 811 868 849 PRIMUS.

473 993 734 1034 OARMEN
762 995 801 1034 Ι.

258 1091 326 1123 AD
354 1090 398 1123 C.
426 1090 633 1124 CILNIUM
656 1090 1020 1125 MAECENATEM.

125 1169 351 1214 Maecenas
376 1169 507 1212 atavis
534 1169 642 1211 edite
665 1169 849 1227 regibus,

70 1249 95 1278 0
119 1240 160 1276 et
181 1232 436 1291 praesidium
460 1237 501 1275 et
524 1232 645 1274 dulce
669 1232 797 1276 decus
822 1248 975 1285 meum,

127 1332 223 1368 sunt
246 1340 351 1381 quos
377 1324 580 1368 curriculo
602 1325 818 1382 pulverem
845 1324 1114 1383 Olympicum

71 1388 288 1446 collegisse
310 1388 444 1439 iuvat,
469 1394 662 1444 metaque
686 1389 857 1432 fervidis

71 1451 221 1494 evitata
244 1451 344 1494 rotis
367 1451 589 1508 palmaque
614 1451 765 1495 nobilis

70 1522 269 1558 terrarum
293 1515 483 1558 dominos
508 1515 647 1558 evehit
670 1517 724 1558 ad
748 1516 869 1569 deos3

73 1605 197 1659 hunc,
224 1607 259 1659 si
282 1606 500 1650 mobilium
525 1607 648 1650 turba
673 1607 899 1662 Quiritium

59 1672 198 1714 'certat
221 1671 461 1729 tergeminis
487 1670 629 1713 tollere
654 1671 902 1724 honoribus;

69 1732 204 1786 illum,
231 1733 267 1777 si
288 1733 455 1791 proprio
480 1734 665 1777 condidit
687 1734 849 1787 horreo,

70 1797 270 1854 quidquid
293 1797 345 1840 de
367 1797 544 1854 Libycis
569 1798 746 1841 verritur
770 1800 889 1842 areis.

70 1888 319 1947 gaudentem
343 1889 499 1946 patrios
524 1889 680 1932 findere
706 1890 869 1932 sarculo

71 1966 194 2009 agros
217 1950 412 1995 Attalicis
438 1953 744 1996 conditionibus

63 2029 277 2070 nunquam
300 2015 532 2067 dimoveas,
559 2022 605 2058 ut
628 2015 745 2059 trabe
771 2016 929 2074 Cypria

69 2075 286 2134 Myrtoum
309 2077 485 2134 pavidus
509 2084 637 2120 nauta
661 2086 774 2122 secet
797 2095 923 2123 mare.

70 2166 296 2211 luctantem
319 2168 464 2212 Icariis
488 2169 683 2213 fluctibus
708 2170 904 2214 Africum

72 2237 275 2274 mercator
297 2238 486 2276 metuens
511 2233 641 2276 otium
667 2240 707 2276 et
731 2235 875 2291 oppidi

71 2293 215 2337 laudat
235 2309 332 2338 rura
356 2295 438 2347 sui3
463 2311 560 2339 mox
583 2297 716 2340 reficit
737 2305 849 2340 rates

35 2382 38 2383 ν
73 2371 266 2413 quassas,
290 2358 478 2402 indocilis
503 2361 744 2418 pauperiem
767 2362 867 2418 pati.

27 2494 33 2499 ,
74 2455 138 2491 est
161 2449 232 2504 qui
255 2465 333 2493 nec
356 2452 505 2495 veteris
530 2453 680 2509 pocula
702 2453 881 2496 Massici

32 2527 51 2565 ς,
73 2527 150 2555 nec
173 2519 331 2569 partem
356 2515 488 2558 solido
511 2517 677 2560 demere
702 2518 754 2560 de
779 2518 846 2559 die

23 2577 248 2643 ‘i†5·‘-?P‘³1‘¹¹i¹³’
274 2592 384 2620 nunc
406 2579 527 2622 viridi
550 2580 738 2623 membra
763 2580 841 2623 sub
866 2580 1014 2624 arbuto

10 2627 247 2808 Ftus,
273 2655 383 2682 nunc
407 2641 460 2683 ad
484 2657 616 2699 aquae
639 2643 732 2685 lene
757 2650 882 2700 caput
907 2659 1062 2687 sacrae.

98 2718 109 2750 j
124 2716 182 2745 ius.
1077 2720 1094 2755 1

1354 1816 1395 1846 10
