1592 2808
279 1149 320 1180 10

277 1485 318 1516 15

273 1820 316 1852 20

270 2185 314 2216 25

271 2523 314 2553 30

784 178 827 222 Q.
839 177 1054 216 HORATII
1069 176 1249 219 FLACOI

827 350 1086 392 CARMEN
1111 353 1195 392 111.

467 443 534 476 AD
560 444 735 476 NAVEM
758 444 964 478 vmcmn
987 446 1221 480 ATHENAS
1246 447 1567 483 PROFECTURI.

489 524 560 568 Sic
582 532 623 569 te
646 527 741 569 diva
762 535 906 583 potens
932 528 1072 585 Cypri,

542 588 601 630 sic
625 589 769 632 fratres
794 590 997 641 Helenae,
1021 591 1156 633 lucida
1180 592 1325 643 sidera,

487 655 781 704 ventorumque
804 658 920 707 regat
942 658 1058 706 pater

541 711 743 754 obstrictis
767 713 856 755 aliis
879 720 1039 768 praeter
1060 714 1231 770 Iapyga,

485 802 619 852 navis,
645 815 749 856 quae
774 802 847 843 tibi
871 803 1066 844 creditum

540 862 666 905 debes
690 863 926 919 Virgilium:
951 864 1100 907 finibus
1125 865 1275 908 Atticis

484 924 630 966 reddas
654 924 916 975 incolumem,
940 940 1095 981 precor,

543 991 583 1026 et
606 1001 744 1029 serves
768 987 926 1029 animae
950 988 1163 1030 dimidium
1185 1003 1312 1032 meae.

482 1075 541 1116 illi
562 1075 686 1118 robur
709 1083 750 1118 et
772 1091 841 1119 aes
867 1078 1012 1133 triplex

541 1137 648 1179 circa
670 1144 813 1192 pectus
839 1146 942 1190 erat,
968 1141 1038 1194 qui
1062 1140 1249 1197 fragilem
1273 1142 1376 1183 truci

484 1199 686 1240 commisit
709 1200 855 1256 pelago
878 1207 1008 1242 ratem

536 1260 710 1315 primus,
736 1275 813 1303 nec
836 1262 969 1304 timuit
991 1263 1255 1319 praecipitem
1277 1263 1465 1306 Africum

482 1349 755 1392 decertantem
778 1351 1068 1405 Aquilonibus,

535 1425 612 1453 nec
635 1412 770 1454 tristes
794 1412 986 1468 Hyadas,
1011 1428 1087 1456 nec
1109 1414 1263 1456 rabiem
1285 1414 1394 1464 Noti,

480 1486 562 1526 quo
585 1488 669 1515 non
691 1473 842 1516 arbiter
864 1475 1046 1517 Hadriae

535 1535 680 1586 maior,
707 1536 846 1578 tollere
871 1552 944 1579 seu
966 1552 1116 1593 ponere
1141 1538 1226 1580 vult
1251 1538 1366 1580 freta.

479 1639 602 1679 quem
625 1626 767 1667 mortis
792 1626 924 1668 timuit
947 1627 1132 1682 gradum,

536 1687 606 1740 qui
631 1687 749 1729 siccis
774 1688 901 1729 oculis
925 1695 1106 1730 monstra
1129 1690 1321 1739 natantia,

479 1748 550 1802 qui
572 1748 674 1790 vidit
697 1764 807 1790 mare
831 1749 1038 1791 turbidum
1063 1756 1102 1791 et

534 1809 708 1852 infames
733 1810 922 1866 scopulos
947 1810 1274 1854 Acroceraunia?

477 1899 753 1954 nequidquam
778 1900 879 1942 deus
905 1900 1078 1942 abscidit

531 1962 709 2016 prudens
737 1960 905 2004 Oceano
930 1962 1178 2005 dissociabili

478 2030 623 2074 terras,
650 2024 685 2064 si
708 2029 844 2065 tamen
867 2024 1016 2079 impiae

532 2099 615 2126 non
638 2086 843 2141 tangenda
867 2092 973 2128 rates
998 2087 1228 2129 transiliunt
1252 2087 1368 2128 vada.

476 2174 611 2216 audax
634 2175 771 2216 omnia
793 2176 950 2230 perpeti

530 2250 633 2292 gens
657 2236 836 2278 humana
858 2237 938 2278 ruit
960 2251 1034 2292 per
1058 2238 1226 2279 vetitum
1248 2237 1386 2288 nefas3

475 2298 611 2338 audax
633 2298 767 2353 Iapeti
789 2313 920 2353 genus

530 2359 668 2414 ignem
694 2359 837 2400 fraude
861 2360 968 2402 mala
989 2360 1180 2416 gentibus
1203 2361 1350 2403 intulit.

474 2454 568 2504 post
589 2448 729 2505 ignem
753 2449 930 2491 aetheria
953 2449 1074 2491 domo

532 2510 779 2552 subductum
802 2511 951 2552 macies
977 2517 1016 2553 et
1039 2526 1145 2553 nova
1168 2511 1344 2554 febrium

476 2572 591 2613 terris
615 2572 800 2614 incubuit
823 2572 981 2622 cohors,

532 2634 756 2690 semotique
779 2634 890 2691 prius
913 2634 1026 2677 tarda
1051 2635 1271 2679 necessitas
