1592 2808
187 205 291 239 XXX

189 283 463 319 deferimturab
471 283 656 320 hilaritate
665 289 702 320 et
714 285 817 320 suavi
828 297 886 320 ur·
909 285 1024 331 bitur,
1043 287 1107 322 ubi
1126 298 1198 334 quo
1212 287 1367 325 artifieio
1378 291 1490 335 poeta.
1505 288 1544 326 in

186 328 351 364 banitate
362 329 490 374 utique
503 329 668 364 alienius.
691 330 884 366 Enimvero
907 330 1134 376 perficienda
1145 343 1234 368 usus
1247 333 1296 368 sit
1307 333 1549 386 diligentiusp

184 373 467 418 prudentissime
485 373 663 409 Horatius
689 375 774 410 dum
796 378 884 410 tem·
907 376 1153 420 penderimus.
1187 377 1312 413 Finxit
1328 378 1473 414 enimin
1486 390 1527 414 sa
1545 379 1554 387 ⁶

182 418 337 496 fioribus
371 418 553 462 inserviit,
596 430 692 464 quae
725 419 885 464 priscam
909 420 984 455 suis
998 431 1202 456 sermonem
1214 433 1306 475 eum,
1327 423 1391 470 qui
1407 423 1504 458 vitae
1517 434 1567 476 qu

212 462 285 497 lam
309 462 382 497 oris
405 463 630 507 libertatem,
662 474 734 508 qua
763 464 884 499 adhuc
907 464 1069 500 tidianae
1095 467 1252 501 sermoni
1268 466 1453 503 videretur
1471 468 1499 502 s'

675 211 726 239 DE
749 211 838 240 vrrA
861 212 910 240 m·
933 212 1093 252 scamus

182 517 271 542 usus
285 512 364 542 erat
374 506 552 552 Lucilius,
566 519 641 542 non
660 508 814 553 amplius
832 509 883 544 fe·
906 521 999 562 mus²
1011 509 1112 545 itaut
1121 510 1202 555 ipse
1210 522 1293 546 eum
1305 511 1449 548 dictitet
1460 523 1483 547 a
1519 516 1592 597 1:3¹2

181 551 324 595 rebant,
339 552 391 586 ita
405 551 702 587 sibiversandum
714 563 796 588 esse
811 557 882 588 sta-
908 558 1073 590 oratione
1096 555 1255 590 numeris
1282 559 1426 592 tantum
1475 557 1484 564 '
1513 567 1533 592 e

182 595 263 640 tuit,
282 600 324 630 ut
335 596 424 630 vitia
436 597 687 631 tantummodo
708 597 884 643 depinge-
906 598 963 633 his
972 599 1440 646 autemsublatisprotenus
1449 601 1564 636 evade
1580 604 1586 609 ¹

180 645 249 686 ret,
258 640 519 686 perversitates
533 641 770 686 describeret,
785 653 882 677 erro·
933 643 1124 679 edestrem.
1173 644 1419 686 Quamobrem
1443 656 1524 681 sese

179 696 241 720 res
265 688 412 720 notaret
435 689 473 720 et
500 686 658 731 imagine
687 687 882 731 proposita
905 654 1002 723 {ane
1019 692 1132 733 negat
1143 693 1276 733 poetae
1293 690 1441 725 laudem
1456 695 1592 745 nomeq

179 730 294 764 veluti
317 734 628 775 repraesentaret,
652 742 726 765 non
752 732 882 766 eadem
906 742 977 777 que
1002 731 1192 778 affectare,
1243 734 1354 786 uippe
1379 745 1490 780 quum
1513 735 1592 774 nihi

180 774 290 810 etiam
309 775 477 810 acerbius
491 775 693 821 exagitaret
712 779 750 810 et
760 776 880 811 acrius
906 777 1038 811 celsius
1084 788 1129 812 ac
1175 745 1365 813 suglimms
1406 779 1478 813 scri
1505 778 1592 821 serit

178 819 430 854 insectaretur.
467 819 550 861 Qua
566 819 711 855 ratione
729 831 803 855 una
822 831 880 856 ea-
905 820 1085 862 Quorsum
1109 822 1269 867 pertinet
1284 822 1447 868 inprimis
1493 822 1592 860 atu

180 864 335 910 demque
367 875 480 908 opera
516 868 553 899 et
576 864 665 899 vitia
694 864 880 900 hominum
902 865 935 909 4,
948 865 992 901 39
1006 878 1048 912 sq
1078 893 1097 911 .,
1122 866 1186 912 qui
1204 867 1307 902 locus
1327 878 1526 913 sanequam
1548 877 1592 917 esf

177 913 330 953 propter
347 908 465 953 ipsam
477 919 603 943 eorum
613 912 782 944 naturam
794 910 881 944 ridi-
903 921 1063 945 memora
1090 911 1160 955 ilis,
1180 914 1222 946 ut
1240 923 1283 946 ex
1303 923 1374 958 quo
1393 912 1592 948 luculentis-

178 953 264 987 eula
283 963 364 988 esse
378 953 540 988 ostendit
558 957 595 988 et
606 954 703 988 vitae
723 965 878 989 commu—
904 954 991 989 sime
1005 954 1244 1001 intelligatur,
1262 959 1412 1007 poetam
1425 967 1497 1008 quo
1516 960 1592 994 tem·

176 997 234 1031 nis
248 997 353 1042 quasi
366 997 633 1042 descriptiones
653 999 830 1043 quasdam
843 1002 880 1033 et
902 1010 991 1043 pore
1009 1000 1081 1034 ista
1101 999 1300 1046 scripserit,
1322 1001 1393 1036 scri
1421 1004 1468 1035 Slt
1479 1005 1592 1037 auten

176 1042 356 1087 imagines
375 1042 551 1086 exhibuit,
570 1043 668 1078 unde
689 1054 761 1089 qua
774 1043 877 1078 vitio-
904 1043 981 1078 sine
1007 1044 1118 1079 dubio
1149 1044 1246 1080 intra
1269 1056 1327 1080 an.
1352 1046 1392 1080 71
1419 1072 1428 1080 .
1454 1049 1492 1081 et
1514 1046 1589 1083 720.

175 1098 256 1121 rum
268 1087 352 1122 labe
367 1090 470 1122 aetas
482 1087 622 1122 infecta
635 1092 733 1122 esset
745 1091 782 1123 et
795 1099 877 1122 con-

175 1131 364 1175 taminata,
385 1135 516 1176 sponte
536 1132 583 1167 ab
602 1132 812 1177 legentibus
826 1132 877 1166 in-

175 1176 415 1222 telligeretur.
453 1176 571 1217 Quum
591 1187 676 1211 vero
691 1189 734 1212 ex
752 1177 808 1211 his
824 1188 877 1211 sa—

175 1220 223 1255 tis
242 1224 432 1265 appareat,
452 1221 540 1266 quid
557 1221 733 1255 Horatius
752 1221 823 1256 hac
840 1222 877 1255 in

177 1275 216 1300 re
237 1264 469 1310 spectaverit,
490 1277 672 1311 quamque
693 1266 878 1310 sapienter

174 1309 213 1343 in
226 1310 467 1354 temperando
480 1310 651 1344 universo
662 1311 877 1345 dicendido-

177 1354 357 1399 cendique
378 1365 512 1399 genere
532 1359 698 1389 versatus
719 1356 776 1398 sit,
801 1359 877 1389 tum

174 1399 316 1433 iuvabit
323 1398 430 1433 etiam
437 1399 565 1443 paucis
574 1400 876 1444 consideravisse,

177 1443 362 1489 quomodo
378 1454 520 1478 omnem
539 1444 729 1478 satirarum
742 1455 874 1479 sermo-

174 1499 258 1523 nem
293 1488 491 1523 instituerit
519 1492 557 1522 et
579 1490 788 1523 moderatus
819 1489 875 1523 sit.

175 1533 257 1574 Quo
283 1533 429 1577 quidem
452 1532 489 1583 in
508 1543 642 1578 genere
661 1533 747 1567 item
766 1534 875 1578 plane

902 1089 1064 1123 nondum
1088 1088 1160 1124 alio
1184 1090 1309 1141 poesis
1333 1101 1468 1136 genere
1491 1091 1592 1127 incia·

902 1132 1031 1177 ruisse,
1057 1134 1123 1168 sed
1140 1145 1223 1168 unls
1241 1134 1395 1170 maxime
1419 1135 1541 1170 satiris
1565 1145 1592 1171 0³

904 1177 1033 1221 epodis
1064 1178 1268 1213 scribendis
1293 1190 1442 1224 operam
1466 1180 1592 1224 impen·

903 1222 1013 1256 disse.
1048 1222 1185 1258 Verum
1203 1222 1299 1258 enim
1315 1234 1402 1260 vero
1426 1224 1514 1259 licet
1530 1224 1592 1260 hot

902 1266 954 1300 ita
977 1267 1193 1311 instituerit,
1227 1271 1350 1303 tamen
1378 1276 1592 1315 magnopere

903 1311 1107 1346 cavendum
1152 1315 1225 1356 est,
1270 1323 1318 1347 ne
1359 1323 1441 1348 eum
1473 1323 1592 1349 revere

901 1356 1064 1400 pedestri
1099 1367 1265 1391 sermone
1298 1357 1457 1392 numeris
1484 1357 1592 1403 ligatt

902 1411 1006 1434 usum
1031 1411 1111 1435 esse
1142 1401 1398 1437 existimemus,
1439 1402 1592 1437 Tantum

901 1445 1008 1479 abest
1042 1445 1148 1489 enim,
1178 1449 1220 1480 ut
1255 1446 1446 1480 satirarum
1482 1458 1591 1482 serm(

899 1489 1055 1533 poeticis
1063 1489 1259 1524 virtutibus
1273 1494 1407 1535 careat,
1419 1494 1461 1525 ut
1472 1491 1592 1527 iisdeu

902 1534 959 1568 vel
977 1534 1130 1568 maxime
1150 1535 1360 1586 splendeat,
1378 1579 1386 1586 ο
1412 1535 1522 1580 uippe
1538 1547 1589 1581 qu

173 1576 401 1612 admirabilis
414 1577 528 1621 ipsms
540 1578 735 1621 prudentia
748 1589 792 1613 ac
806 1578 876 1612 sol·
901 1578 1105 1613 didacticae
1118 1590 1243 1623 poesis
1256 1579 1389 1614 rationi
1416 1591 1460 1614 us
1473 1580 1590 1615 soller-

176 1621 283 1656 lertia
297 1621 496 1666 conspicua
517 1626 583 1656 est.
618 1622 763 1656 Etenim
776 1627 875 1657 vetu-
900 1623 1037 1658 tissime
1058 1623 1106 1658 sit
1117 1627 1381 1668 attemperatus
1402 1627 1512 1670 atque
1525 1635 1588 1660 me·

175 1670 234 1701 sta
246 1667 359 1701 satira
378 1677 489 1711 quum
507 1677 575 1700 usa
589 1671 688 1702 esset
707 1667 875 1701 sermoci-
901 1667 999 1702 dium
1018 1668 1124 1712 quasi
1141 1672 1267 1703 teneat
1283 1669 1379 1703 inter
1398 1669 1589 1704 orationen

173 1710 875 1755 nationeetmagnampartemdiverbiis
899 1712 1132 1756 pedestribus
1159 1713 1386 1748 sermonibus
1414 1715 1587 1758 proprian

174 1756 409 1800 constitisset,
435 1766 616 1800 quumque
641 1756 749 1791 etiam
768 1757 875 1790 Luci—
900 1760 936 1791 et
960 1767 1076 1801 genus
1109 1757 1255 1792 dicendi
1279 1758 1453 1802 sublime,
1490 1758 1588 1810 quale

174 1801 263 1844 lius,
290 1800 390 1835 cuius
415 1800 571 1844 vestigia
594 1801 702 1845 legit,
731 1801 874 1845 priscae
899 1801 980 1836 aliis
1021 1801 1117 1836 oesis
1132 1802 1314 1837 convenit.
1343 1803 1475 1848 Itaque
1490 1814 1587 1838 simu·

175 1846 388 1880 comoediae
421 1849 589 1879 auctores
619 1846 766 1880 mutatis
798 1850 874 1880 tan·
899 1846 952 1880 lat
975 1813 1038 1880 iiie
1063 1846 1209 1891 quidem
1233 1847 1395 1892 vulgaris
1421 1847 1587 1882 orationis

173 1894 249 1924 tum
266 1889 424 1934 pedibus
446 1890 678 1934 numerisque
699 1895 874 1935 sequutus
898 1890 1114 1925 tenuitatem
1138 1895 1176 1926 et
1199 1902 1285 1926 vero
1312 1891 1421 1926 etiam
1439 1891 1582 1926 callidis

174 1937 313 1979 esset31
326 1934 406 1978 ipse
420 1944 566 1979 quoque
581 1934 710 1969 satiras
725 1947 810 1969 suas
824 1935 875 1970 ita
900 1935 989 1970 simo
1010 1934 1164 1970 artificio
1189 1935 1368 1981 exprimit,
1394 1936 1460 1972 sed
1476 1939 1586 1972 tamer

174 1979 398 2030 composuit,
433 1982 476 2012 ut
508 1980 715 2012 sermonibus
751 1984 876 2014 essent
899 1980 1066 2023 exprimit
1083 1981 1146 2024 sic,
1165 1984 1208 2015 ut
1224 1991 1270 2016 ea
1285 1980 1324 2015 in
1335 1992 1375 2016 re
1394 1980 1502 2016 etiam
1518 1991 1585 2026 per

175 2035 284 2070 quam
320 2022 551 2057 simfllimaess
591 2023 766 2059 Nimirum
800 2025 872 2059 isto
899 2024 986 2058 fecti
1029 2024 1179 2059 artificis
1220 2025 1408 2070 ingenium
1443 2025 1586 2060 eluceat

173 2069 283 2103 modo
295 2067 578 2112 prudentissime
594 2071 631 2102 et
644 2069 802 2112 speciem
810 2069 873 2103 ali·
899 2068 961 2114 qui
986 2068 1182 2105 dictionem
1198 2070 1310 2115 plane
1329 2081 1396 2105 suo
1415 2070 1584 2104 scribend

199 2124 283 2147 uam
292 2112 425 2147 veteris
436 2111 569 2146 satirae
579 2113 873 2157 servavit,eteam
899 2113 1052 2148 consilio
1088 2114 1430 2149 accommodaverit.
1474 2113 1583 2160 Atqu«

174 2125 321 2192 dicendi
344 2156 498 2190 formam
518 2157 666 2201 delegit,
693 2168 787 2202 quae
807 2169 872 2192 suo
897 2158 968 2192 hoc
981 2158 1216 2203 ipsumetiam
1228 2159 1280 2194 ita
1292 2158 1580 2204 iudicarioporte

172 2202 288 2247 ipsius
310 2201 463 2236 consilio
484 2206 583 2236 esset
607 2202 873 2236 convenientis-
898 2207 971 2237 tam
981 2203 1027 2237 de
1037 2203 1464 2248 singulorumverborum
1476 2204 1582 2238 elocu

174 2248 276 2290 sima,
297 2250 334 2280 et
352 2256 438 2280 vero
459 2245 566 2280 etiam
590 2246 702 2280 talem
732 2246 874 2281 effinxit
897 2247 1008 2292 tione,
1029 2259 1137 2292 quam
1155 2248 1200 2283 de
1218 2259 1448 2283 numerorum
1467 2252 1504 2283 et
1520 2259 1583 2283 ver

174 2291 388 2334 orationem,
399 2301 492 2336 quae
502 2301 582 2324 cum
589 2291 712 2335 poesis
720 2291 873 2326 didacti-
898 2303 1002 2326 suum
1008 2291 1222 2327 rationibus.
1247 2292 1341 2328 Nam
1350 2292 1508 2327 elocutio
1514 2303 1582 2327 nus

175 2347 240 2371 cae
263 2335 388 2370 indole
407 2346 452 2369 ac
469 2338 601 2370 natura
619 2335 766 2380 egregie
787 2347 871 2371 con·
898 2348 1006 2381 quam
1020 2337 1241 2381 esthumilis,
1249 2349 1320 2372 nus
1347 2337 1581 2372 uamabiecta

175 2381 354 2416 cordaret.
412 2379 520 2420 Quod
558 2391 666 2425 quam
701 2391 872 2432 magnum
896 2392 1075 2426 nusquam
1099 2381 1196 2416 vitae
1221 2382 1324 2427 quoti
1351 2383 1457 2417 ianae
1483 2381 1581 2416 sordi

175 2435 356 2471 quamque
388 2423 539 2459 difficile
564 2435 655 2470 opus
680 2425 806 2470 fuerit,
837 2429 874 2460 et
896 2426 965 2460 bus
985 2425 1194 2471 inquinata3
1218 2426 1289 2460 imo
1309 2427 1369 2461 vel
1380 2430 1456 2461 tum
1469 2430 1526 2460 est
1539 2437 1581 2462 ca

174 2475 313 2516 quanta
325 2469 434 2504 laude
449 2469 610 2514 dignum,
631 2469 690 2503 vix
703 2473 760 2504 est
773 2471 872 2516 quod
898 2473 965 2513 sta,
979 2474 1088 2514 tersa,
1098 2471 1261 2522 elegans,
1270 2482 1381 2516 quum
1390 2481 1450 2505 res
1462 2470 1580 2506 foeda·

174 2515 390 2560 explicatius
430 2514 730 2549 demonstremus.
799 2515 873 2550 Sed
897 2519 935 2550 et
951 2518 1077 2559 turpes
1098 2515 1356 2566 designantur3
1381 2515 1469 2561 quin
1487 2514 1580 2550 etian

173 2560 288 2594 maior
301 2559 460 2594 etiamac
472 2559 693 2594 laudabilior
703 2570 762 2595 res
775 2559 871 2595 vide-
897 2571 977 2594 cum
990 2560 1080 2594 mira
1093 2559 1270 2595 facilitate
1283 2571 1475 2595 nervosam
1483 2570 1579 2605 quan

897 2605 980 2638 dam
992 2604 1209 2639 brevitatem
1228 2608 1264 2640 et
1276 2604 1492 2649 gravitatem
1511 2614 1579 2639 con

895 2650 1055 2684 iunctam
1063 2649 1178 2683 habet
1185 2653 1294 2694 atque
1300 2648 1414 2683 refert
1419 2649 1512 2683 adeo
1521 2648 1578 2684 cul

895 2697 970 2728 tum
980 2693 1159 2739 quendam
1168 2696 1377 2728 etornatum
1385 2692 1578 2729 exGraeca·

206 2643 221 2667 1
239 2648 268 2665 v.
281 2641 349 2666 Hor.
364 2641 421 2666 Sat.
433 2640 457 2665 Ι.
471 2638 496 2668 4,
508 2641 524 2665 1
537 2647 597 2672 sqq.
611 2641 640 2665 et
650 2641 683 2666 45
695 2646 756 2672 sqq.

207 2676 223 2701 2
240 2675 272 2699 Id
290 2674 363 2706 quod
382 2674 442 2705 ipse
456 2674 599 2705 professus
618 2675 661 2700 est
678 2673 735 2700 Sat.
748 2673 771 2699 1.
784 2674 815 2705 4,
829 2674 871 2700 42.

173 2708 264 2740 Epist.
277 2708 313 2733 11.
327 2709 352 2739 1,
365 2709 424 2733 250.
