1592 2808
157 194 281 225 XXIV
652 195 702 221 DE
726 195 815 222 VITA
838 196 886 222 ΕΤ
911 195 1069 224 SCRIPTIS

157 271 306 306 constat
337 267 509 303 trimetris
539 270 640 302 caret
666 278 712 303 ue
743 268 856 319 plane
882 280 1100 316 quamquam
1113 273 1334 315 postremoa
1354 271 1577 308 Graecorum

155 325 326 349 versuum
348 313 554 359 longiorum
585 315 622 347 et
676 323 857 347 remorum
881 315 1065 360 elegantia
1083 319 1120 350 et
1138 320 1327 352 venustate
1344 327 1459 352 novas
1473 316 1578 363 quasi

154 359 250 394 inter
263 369 302 393 se
315 357 573 392 alternantium
585 357 772 392 varietate.
807 356 858 391 At
880 359 976 394 vires
1001 359 1184 395 assumsit.
1222 360 1330 402 Quod
1379 361 1500 396 uidem
1518 363 1578 396 vel

155 403 251 438 enim
290 413 376 438 vero
419 402 491 436 hoc
531 413 664 436 nomen
706 405 857 447 propter
879 415 1013 439 nomen
1031 404 1108 439 eius
1128 404 1300 440 declarat.
1371 416 1464 451 eque
1482 405 1579 441 enim

154 447 328 482 maiorem
363 447 560 481 carminum
594 449 736 491 partem
771 458 854 491 epo—
881 448 1014 483 satirae
1027 460 1161 483 nomen
1174 450 1321 484 ductum
1333 453 1424 485 esta
1437 449 1577 496 Satyris

155 492 246 526 dicis
285 491 453 526 versibus
494 490 736 535 compositum
770 491 856 526 huic
881 492 1116 537 Graecorum,
1149 504 1242 539 quae
1267 494 1353 528 olim
1378 495 1577 529 communis

153 537 248 571 libro
261 536 512 571 tributumest.
544 535 853 581 QuamquamHo-
879 537 956 572 fere
982 538 1173 572 doctorum
1203 538 1389 573 hominum
1419 538 1543 584 opinio
1562 541 1578 567 1

152 581 267 615 ratius
292 580 371 625 ipse
397 591 439 614 eo
466 591 647 625 nusquam
665 591 752 614 usus
773 591 853 615 esse
879 582 965 625 fuit3
989 582 1060 616 imo
1082 582 1273 617 descendit
1289 582 1577 618 illudavoc.sa-

152 626 344 670 reperitur,
369 628 411 659 ut
435 625 594 675 dubitari
620 628 742 669 queat,
768 636 854 658 num
879 627 1414 671 tur,h.e.plenus,refertus3nt
1425 628 1579 673 antiqua

154 670 248 704 illud
267 681 288 704 a
301 673 547 714 grammaticis
566 669 772 713 posteriore
794 670 853 703 de·
878 671 975 704 illius
995 671 1114 705 forma
1131 671 1243 706 fuerit
1258 678 1386 715 satura,
1402 673 1500 707 unde
1522 672 1578 706 lit-

152 725 248 748 mum
272 717 394 748 aetate
414 713 561 747 Horatii
582 713 764 758 poematis
790 714 852 747 da-
877 719 957 750 tera
969 727 991 748 u
1003 715 1040 749 in
1053 717 1066 749 z·
1076 719 1217 751 mutata
1237 715 1376 751 factum
1389 719 1446 751 est
1459 718 1577 759 satira,

151 763 228 792 tum
238 760 295 802 sit,
306 758 611 803 quemadmodum
621 758 853 792 criticietiam
879 760 1182 804 quemadmodum
1207 771 1251 795 ex
1271 767 1438 805 optumus,
1458 772 1578 795 maxu-

151 802 367 837 Archilochi
384 803 515 837 iambis
534 803 671 837 factum
697 813 776 837 esse
797 814 853 836 su·
877 815 960 846 mus,
973 806 1078 847 exsul,
1090 804 1212 848 famul,
1224 806 1334 847 simul,
1347 807 1479 849 postea
1492 804 1580 839 exti-

153 847 284 892 spicati
310 851 404 881 sunt.
447 846 520 881 Sed
538 847 608 881 hoc
629 846 775 891 quidem
799 850 853 880 ut·
877 851 1000 882 terunt
1022 850 1179 893 optimus,
1203 850 1386 890 maximus,
1416 851 1579 892 exsilium,

153 902 296 937 cunque
313 902 392 926 sese
406 891 531 935 habet,
545 891 582 925 in
592 891 852 936 antiquissimis
876 894 1020 937 familia,
1033 895 1160 934 similis,
1170 897 1208 928 et
1221 904 1316 939 quae
1330 893 1448 928 aliaid
1461 904 1578 946 genus

153 936 344 971 codicibus
364 937 502 980 pariter
516 940 625 981 atque
646 936 744 980 apud
757 939 853 969 vete—
879 938 1347 982 commemoraripossunt.2
1369 938 1480 973 Inde1
1509 938 1580 972 'tur

151 992 210 1015 res
229 980 486 1026 grammaticos
506 981 635 1015 horum
656 980 854 1014 carminum
877 981 1031 1026 primum
1055 982 1155 1016 dicta
1177 986 1235 1017 est
1253 984 1335 1016 lam·
1352 989 1480 1025 satura,
1526 1009 1534 1016 .
1547 992 1580 1017 e.

153 1036 287 1076 corpus
314 1028 527 1059 constanter
550 1028 591 1058 ut
614 1024 707 1059 liber
724 1026 853 1070 epodon
878 1025 1162 1071 variisfrugibus
1171 1026 1579 1072 fmetibusquereferta,

153 1070 376 1115 demgnatur.
601 1113 608 1120 ι
879 1081 951 1115 qua
957 1070 1104 1116 frugum
1111 1071 1292 1116 primitiae
1299 1071 1368 1106 diis
1377 1069 1580 1106 offereban-

183 1115 262 1149 Iam
287 1125 373 1149 vero
395 1125 475 1149 cum
489 1114 629 1158 Epodis
650 1118 727 1147 tam
748 1125 853 1158 argu-
877 1119 936 1148 tur
957 1117 1043 1157 (eine
1060 1115 1354 1161 Fruchtschussel),
1375 1115 1579 1150 cuiusmodi

150 1159 264 1194 menti
289 1170 398 1204 quam
421 1163 625 1202 temporum
647 1158 853 1192 rationibus
878 1159 1037 1193 lancium
1051 1159 1342 1205 etiamVirgilius
1351 1160 1580 1205 Georgicll.

151 1203 390 1238 arctissimam
407 1203 547 1237 habent
560 1202 855 1236 coniunctionem
879 1203 954 1237 194.
967 1203 1044 1238 394.
1057 1204 1104 1238 al.
1123 1196 1343 1239 mentionem
1361 1204 1461 1239 facit.
1481 1203 1579 1239 conf.

149 1248 296 1283 Horatii
321 1247 475 1282 Satirae.
529 1247 775 1287 Quamobrem
801 1257 854 1280 se·
879 1248 989 1282 etiam
1000 1248 1199 1283 Diomedes
1217 1260 1252 1293 p.
1264 1248 1342 1283 483.
1355 1249 1412 1284 ed.
1429 1248 1581 1283 Putsch.

152 1293 285 1372 quitur,
304 1296 346 1326 ut
357 1292 520 1336 proxime
541 1292 586 1326 de
600 1291 657 1325 his
672 1291 853 1335 explicari·
879 1297 916 1327 et
929 1291 1051 1327 Schol.
1064 1291 1200 1327 Acron.
1214 1293 1262 1327 ad
1274 1293 1403 1328 Horat.
1417 1292 1492 1327 Sat.
1505 1292 1534 1327 I.
1547 1293 1580 1328 1.

178 1349 238 1371 um
254 1337 309 1371 sit.
878 1337 1018 1371 Eodem
1036 1343 1174 1372 saturae
1197 1337 1343 1372 nominc
1366 1337 1580 1382 insignitum

183 1381 332 1416 Licebit
338 1392 423 1415 vero
433 1381 477 1415 de
485 1380 557 1415 hoc
564 1384 771 1424 poematum
779 1379 854 1414 Ho-
879 1385 935 1416 est
948 1381 1055 1416 etiam
1064 1392 1180 1427 genus
1189 1382 1373 1426 quoddam
1380 1381 1580 1416 farciminis

149 1427 374 1461 tatianorum
381 1437 516 1471 genere
531 1425 711 1459 fereidem
719 1424 852 1468 dicere,
879 1437 923 1460 ex
935 1437 1008 1460 uva
1025 1437 1147 1470 passa,
1166 1426 1328 1471 polenta,
1350 1426 1431 1460 aliis
1454 1426 1578 1470 rebus,

152 1471 251 1517 quod
264 1474 376 1516 poeta
390 1470 434 1504 de
447 1469 588 1514 Epodis
602 1470 698 1503 ultro
712 1469 854 1513 profes·
879 1470 1099 1514 confectum,
1121 1471 1165 1506 de
1180 1481 1252 1515 quo
1266 1482 1298 1504 v.
1310 1470 1445 1505 Festus
1465 1471 1531 1504 sub
1547 1482 1580 1505 V.

151 1527 214 1550 sus
229 1519 296 1559 est,
306 1526 387 1549 esse
401 1514 493 1547 illud
501 1514 548 1548 ab
557 1513 711 1547 Horatio
726 1524 854 1547 revera
879 1518 916 1549 et
926 1514 1146 1558 Diomedes,
1166 1515 1254 1559 quin
1267 1514 1377 1549 ctiam
1390 1515 1463 1549 alia
1476 1525 1578 1549 escu-

149 1571 285 1595 novum
327 1562 514 1593 ostensum
556 1558 675 1592 Latio.
690 1561 705 1584 1
773 1557 854 1591 Etsi
878 1560 979 1594 lenta
1003 1559 1102 1594 varie
1126 1559 1238 1594 mixta
1257 1563 1293 1594 et
1311 1558 1515 1604 composita
1526 1558 1580 1594 ita

151 1605 246 1640 enim
266 1604 390 1649 poesis
411 1603 558 1638 satirica
581 1602 757 1636 Romanis
781 1602 853 1636 iam
878 1604 1066 1648 appellata
1091 1607 1186 1647 sunt,
1212 1607 1254 1638 ut
1269 1607 1427 1639 testatur
1444 1603 1578 1638 Festus

151 1649 287 1684 dudum
328 1652 417 1682 nota
457 1647 579 1682 fuerat
615 1647 853 1692 studioseque
877 1648 944 1683 l.c.
975 1648 1152 1684 Nimirum
1171 1649 1395 1693 procedente
1415 1651 1579 1693 tempore

149 1693 245 1728 inter
270 1704 333 1728 eos
359 1693 563 1736 celebrata,
590 1695 713 1725 tamen
738 1702 782 1725 ea
805 1691 852 1725 ab
878 1693 1037 1738 denique
1066 1699 1203 1727 saturae
1230 1692 1378 1728 nomine
1411 1691 1580 1738 insigniri

148 1737 305 1773 Horatio
331 1738 475 1772 demum
494 1737 546 1770 ita
564 1736 768 1779 emendata,
795 1747 853 1770 ex—
879 1737 1024 1771 omnino
1057 1737 1248 1771 consuevit
1272 1737 1452 1782 quidquid
1481 1739 1580 1771 esset

151 1783 251 1817 culta
269 1785 307 1817 et
325 1783 372 1816 ad
397 1781 486 1816 artis
504 1780 771 1826 perfectionem
790 1780 852 1814 ad-
878 1782 975 1816 varie
1001 1793 1080 1816 com
1110 1781 1242 1816 ositum
1265 1786 1376 1827 atque
1399 1780 1579 1815 miscella-

150 1829 262 1862 dueta
286 1831 353 1871 est,
378 1830 420 1860 ut
443 1827 473 1859 is
498 1825 626 1859 merito
651 1836 718 1869 pro
737 1825 852 1870 ipsius
877 1837 995 1870 neum,
1005 1793 1106 1871 quog
1117 1829 1445 1860 nostratesvoeant
1455 1826 1578 1859 einAl-

149 1875 301 1907 auctore
334 1875 371 1906 et
392 1874 547 1915 parente
572 1869 700 1903 haberi
724 1872 852 1920 queat,
879 1872 982 1911 lev-lei,
996 1872 1049 1904 ein
1058 1871 1243 1909 Quodlibet.
1281 1870 1377 1904 Tum
1390 1880 1476 1904 vero
1490 1880 1578 1903 usus

151 1927 370 1963 quamquam
394 1917 473 1960 ipse
498 1926 564 1959 pro
583 1914 765 1948 modestia
787 1924 853 1947 sua
877 1916 913 1949 lo
942 1915 1054 1950 uendi
1067 1915 1175 1950 etiam
1187 1914 1240 1950 ita
1252 1914 1398 1959 tulit,ut
1408 1914 1505 1948 idem
1517 1924 1579 1947 vo-

150 1973 231 1996 eam
242 1961 389 1995 laudem
409 1960 600 2011 detrectat,
615 1962 724 2003 atque
738 1962 853 1992 totam
878 1971 921 1994 ca
948 1960 1049 1994 ulum
1068 1960 1116 1994 ad
1136 1970 1197 1994 eas
1218 1969 1365 2004 quoque
1383 1969 1443 1994 res
1456 1958 1579 1992 tradu-

149 2007 198 2040 ad
210 2005 368 2040 Ennium
386 2005 456 2047 vel,
481 2007 523 2037 ut
541 2003 604 2038 alii
624 2006 785 2046 censent,
806 2003 854 2036 ad
878 2008 1032 2048 ceretur,
1053 2015 1147 2055 quae
1166 2003 1279 2038 menti
1299 2007 1337 2038 et
1353 2003 1501 2049 ingenio
1517 2003 1577 2036 de-

148 2050 332 2085 Lucilium
345 2049 560 2083 translatam
568 2048 678 2082 vulti*
708 2047 853 2082 Etenim
877 2050 1021 2093 bentur,
1042 2048 1223 2094 Siquidem
1241 2048 1324 2082 illas
1347 2047 1576 2092 promiscuas

151 2095 262 2129 satira
275 2095 524 2128 Romanorum
536 2093 627 2127 nihil
644 2093 754 2137 plane
769 2102 852 2126 con·
878 2104 959 2128 esse
983 2104 1103 2138 neque
1130 2097 1230 2128 certo
1257 2091 1384 2127 ordine
1415 2091 1579 2137 digestas

148 2138 348 2174 iunctionis
363 2149 443 2172 cum
452 2137 679 2173 Graecorum
687 2136 852 2171 carmini-
878 2137 1156 2183 significaretur.
1191 2137 1251 2172 Ita
1269 2138 1359 2182 leyes
1375 2141 1514 2170 saturae
1525 2135 1581 2169 vel

148 2185 220 2219 bus
241 2183 408 2228 satyricis
427 2182 552 2226 habet,
579 2183 643 2216 sed
663 2185 742 2215 tota
755 2180 853 2225 apud
875 2195 939 2227 per
962 2189 1115 2216 saturam
1138 2184 1229 2216 latae
1246 2180 1456 2226 appellatae
1481 2183 1578 2223 sunt,

149 2229 336 2264 Romanos
350 2232 439 2262 nata
452 2231 563 2272 atque
578 2227 735 2261 educata
748 2229 822 2268 est3
836 2227 852 2252 ⁸
878 2238 972 2272 quae
984 2227 1093 2271 plura
1107 2227 1338 2261 continerent
1350 2224 1472 2270 capita
1484 2224 1580 2258 inter

149 2327 168 2345 v
183 2284 854 2345 batim?issfflss‘iffissfnffiz‘?⁸15322¹l
878 2269 1577 2359 33123?32331223313535‘33353120

150 2350 555 2419 ²13.⁵T1'{{{’2⁷1'}⁶2
577 2349 853 2444 220522311225‘22525
877 2361 1045 2406 guarum
1068 2371 1190 2394 rerum
1222 2358 1456 2393 distinetione
1480 2368 1576 2392 eom-

151 2421 218 2446 edit.
230 2421 359 2452 Ruperti:
400 2417 508 2452 roleqy.
521 2418 558 2445 ad
571 2417 674 2445 luvana
716 2416 774 2444 Vol.
785 2416 807 2444 Ι.
824 2424 851 2450 p.
876 2420 950 2443 serto
959 2417 1124 2449 Quintiliani
1131 2416 1293 2442 testimonio
1301 2415 1440 2442 adversati
1446 2416 1520 2445 sunt,
1528 2413 1578 2440 sed

150 2454 303 2480 Lxxxxv
315 2460 375 2484 sqq.
877 2452 961 2476 etiam
973 2451 1026 2482 ipsi
1039 2451 1155 2475 Horatio
1166 2452 1364 2481 repugnarunt.

184 2489 200 2513 2
218 2495 246 2513 v.
261 2488 317 2512 Sat.
325 2487 348 2512 1.
356 2487 397 2516 10,
407 2487 448 2512 66.
457 2487 504 2518 qui
517 2486 596 2512 loeus
609 2486 643 2511 ab
656 2484 853 2518 interpretibus
909 2486 923 2509 1
936 2485 1005 2509 Eam
1013 2484 1174 2515 opinionem
1185 2490 1274 2515 nuper
1280 2489 1388 2514 quoque
1395 2481 1578 2507 defenderunt

150 2521 227 2547 varic
240 2521 398 2552 explicatus
412 2522 464 2545 est.
878 2517 951 2543 Guil.
964 2518 1087 2548 Langius
1094 2518 1265 2548 progr-amm.
1273 2523 1298 2541 a.
1307 2517 1381 2542 1836.
1393 2515 1473 2541 Halis
1480 2515 1576 2546 sax.p.

184 2555 200 2580 3
219 2554 336 2586 Quintil.
350 2554 383 2579 X.
393 2553 415 2584 Ι,
422 2553 464 2579 93.
490 2551 587 2579 Satira
601 2552 710 2587 quidem
727 2556 788 2578 tola
801 2558 853 2578 πο·-
876 2553 938 2582 qu.
948 2551 1064 2576 etWiss.
1074 2550 1236 2582 Quaestion.
1244 2550 1341 2575 Horat.
1349 2548 1460 2575 Part-V.
1467 2555 1492 2573 a.
1501 2549 1576 2573 1835.

152 2592 214 2614 stra
226 2592 278 2613 est.
304 2587 421 2612 satiram
434 2587 585 2612 Romanam
597 2587 644 2618 qui
656 2593 673 2611 a
687 2586 852 2612 Graecorum
909 2587 924 2610 2
953 2592 981 2610 v.
995 2585 1032 2609 Is.
1047 2584 1227 2610 casaubonus
1239 2583 1283 2608 De
1295 2583 1374 2615 poesi
1385 2582 1496 2608 marica
1512 2581 1576 2606 Lib.

152 2622 259 2653 Satyris
277 2621 324 2645 vel
337 2621 470 2651 Satyricis
488 2620 590 2646 fabulis
608 2621 744 2651 originem
762 2622 791 2644 ct
802 2626 852 2644 no·
875 2619 898 2644 1.
913 2617 982 2650 Cap.
995 2619 1043 2643 lv.
1062 2620 1091 2643 ct
1108 2617 1171 2642 Lib.
1185 2617 1221 2642 11.
1240 2617 1288 2642 IV.
1308 2624 1335 2648 p.
1355 2617 1414 2643 248.
1433 2614 1478 2640 ed.
1495 2614 1577 2639 Ram-

151 2662 217 2681 men
228 2655 348 2680 traxisse
361 2656 537 2684 censuerunt,
556 2654 609 2678 Iul.
624 2654 705 2679 Caes.
719 2653 849 2684 Scaliger,
875 2652 956 2677 bach.
976 2654 1005 2676 et
1026 2651 1127 2676 Mahne
1151 2652 1180 2675 in
1202 2649 1412 2682 Wyttenbncim
1442 2647 1574 2679 opuscul.

151 2689 224 2717 Dan.
237 2688 380 2718 Heinsius,
394 2687 521 2718 Vulpius,
541 2687 598 2718 alii,
612 2688 701 2712 iinon
714 2686 796 2712 modo
809 2686 850 2711 ‹u-
875 2685 976 2711 select.
991 2685 1035 2710 ed.
1049 2684 1241 2710 Friedemann.
1255 2683 1318 2710 Vol.
1330 2683 1354 2709 1.
1366 2689 1395 2716 p.
1407 2682 1456 2708 8³8
1468 2687 1509 2714 sq.
