1546 2820
0 2599 30 2645 {ff

0 2677 65 2820 ‘t

399 154 674 194 CARMINUM
696 155 796 192 LIB.
814 156 846 192 Ι.

135 262 237 321 quid
257 261 374 319 prius
400 261 535 304 dicam
560 260 692 304 solitis
715 260 908 303 Parentis

133 325 345 376 laudibus,
371 325 443 380 qui
465 339 532 368 res
555 323 772 367 hominum
796 329 837 366 et
861 324 1046 375 deorum,

134 388 207 446 qui
229 403 343 432 mare
369 402 419 431 ac
441 394 571 430 terras
595 387 804 443 variisque
827 387 1030 430 mundum

218 457 420 508 temperat
442 450 581 494 horis?

132 545 244 588 unde
267 544 327 586 nil
350 543 485 586 maius
509 548 731 601 generatur
753 543 860 599 ipso,

70 610 80 619 “’
131 622 210 650 nec
231 607 347 664 viget
369 607 596 662 quidquam
622 605 755 649 simile
780 613 851 648 aut
877 607 1119 649 secundum.

56 678 61 690 ²
131 671 343 727 proximos
366 670 426 712 illi
449 675 588 712 tamen
612 670 832 726 occupavit

218 733 361 776 Pallas
385 733 576 776 honores.

132 819 299 876 proeliis
324 819 479 870 audax,
504 833 640 873 neque
663 824 704 861 te
730 818 874 870 silebo,

132 882 282 933 Liber,
308 888 350 925 et
373 882 510 925 saevis
533 882 701 924 inimica
723 881 858 939 Virgo

132 945 300 996 belluis,
325 960 403 988 nec
426 952 486 996 te,
512 945 733 988 metuende
758 951 871 988 certa

215 1007 389 1051 Phoebe
415 1008 578 1065 sagitta.

131 1094 267 1137 dicam
291 1100 332 1136 et
355 1094 535 1136 Alciden
558 1109 794 1151 puerosque
819 1094 978 1146 Ledae,

131 1157 243 1200 hune
266 1157 402 1213 equis,
428 1157 545 1199 illum
570 1172 765 1214 superare
789 1158 942 1214 pugnis

130 1220 332 1271 nobilem3
356 1234 535 1276 quorum
560 1220 684 1263 simul
708 1221 803 1264 alba
827 1221 963 1264 nautis

219 1283 339 1326 stella
360 1283 537 1335 refulsit,

131 1369 276 1412 defluit
301 1369 413 1412 saxis
439 1370 621 1427 agitatus
647 1370 809 1421 humor,

130 1432 354 1475 concidunt
376 1433 490 1475 venti
513 1433 763 1490 fugiuntque
788 1432 935 1484 nubes,

130 1502 171 1539 et
194 1495 354 1548 minax,
381 1497 495 1552 quod
519 1497 579 1539 sic
602 1497 789 1548 voluere,
814 1503 942 1554 ponto

214 1560 327 1602 unda
348 1559 565 1603 recumbit.

128 1646 355 1689 Romulum
378 1653 475 1702 post
497 1646 574 1690 hos
599 1647 714 1704 prius
740 1663 793 1690 an
817 1647 1004 1703 quietum

128 1709 314 1766 Pompili
336 1723 514 1766 regnum
538 1725 764 1754 memorem
789 1726 843 1753 an
868 1710 1070 1768 superbos

129 1772 333 1828 Tarquini
355 1772 512 1824 fasces,
539 1773 702 1825 dubito,
729 1791 782 1816 an
808 1773 981 1818 Catonis

213 1834 352 1878 nobile
375 1835 517 1878 letum.

129 1921 340 1979 Regulum
364 1927 405 1963 et
431 1920 631 1973 Scauros,
658 1923 903 1978 animaeque
927 1939 1105 1980 magnae

130 1985 352 2041 prodigum
376 1984 572 2027 Paullum
598 1993 819 2042 superante
843 1986 1001 2039 Poeno,

129 2054 274 2104 gratus
298 2047 454 2103 insigni
476 2048 655 2090 referam
681 2047 881 2100 Camena,

214 2109 550 2165 Fabriciumque.

128 2194 240 2237 hunc
264 2202 305 2237 et
327 2195 520 2239 incomtis
547 2195 722 2239 Curium
748 2198 908 2254 capillis

130 2257 273 2300 utilem
297 2257 406 2301 bello
431 2259 524 2301 tulit
548 2266 588 2302 et
615 2259 840 2304 Camillum

131 2335 257 2363 saeva
278 2329 500 2379 paupertas
526 2330 567 2365 et
590 2324 726 2367 avitus
751 2332 848 2381 apto

215 2399 310 2427 cum
333 2385 418 2429 lare
442 2386 612 2430 fundus.

130 2471 278 2514 crescit
301 2471 461 2515 occulto
485 2473 598 2516 velut
622 2474 744 2517 arbor
768 2490 870 2517 aevo

129 2533 244 2576 fama
265 2533 455 2577 Marcelli
463 2552 475 2587 3
499 2536 626 2579 micat
649 2537 756 2580 inter
780 2553 925 2580 omnes

129 2596 283 2638 Iulium
307 2597 421 2640 sidus
446 2599 558 2641 velut
582 2600 688 2642 inter
710 2601 830 2657 ignes

214 2658 313 2701 luna
335 2660 528 2704 minores.

1250 146 1302 190 11

1332 401 1372 432 15

1328 745 1372 777 20

1329 1109 1372 1141 25

1327 1447 1370 1479 30

1323 1788 1366 1820 35

1324 2126 1368 2157 40

1322 2489 1366 2521 45
