1592 2808
149 216 213 247 XL
646 221 698 248 DE
722 221 811 248 VITA
833 222 881 248 ET
905 222 1063 250 SCRIPTIS

147 294 263 329 tuisse
276 297 386 339 atque
398 304 465 339 pro
484 296 687 339 temporum
699 295 845 330 rationi-
872 295 1000 330 confisi
1013 300 1098 331 sunt
1110 295 1278 332 Caesaris
1291 295 1483 332 Octaviani
1491 297 1564 332 Au-
1579 291 1592 333 i(

148 339 219 373 bus
239 338 504 384 sapientissime
524 339 774 375 emendavisse
793 340 845 374 iu-
869 342 968 387 gusti
992 341 1168 386 consiliis,
1194 341 1328 394 quippe
1349 353 1456 388 quem
1467 343 1564 378 vide·
1580 340 1591 382 kf

148 383 342 419 dicaretur.
390 383 570 418 'racemus
596 384 641 418 de
670 384 844 419 institutis
868 389 950 420 rent
966 397 1040 421 non
1058 387 1166 421 modo
1187 390 1371 432 sapienter
1388 387 1486 422 bono
1499 400 1563 433 pu·
1578 394 1589 431 j

147 428 241 472 aliis,
261 428 394 473 quibus
414 428 602 473 imperium
619 428 843 474 reipublicae
867 430 965 465 blico
979 431 1208 476 prospicere,
1227 442 1351 466 verum
1370 431 1479 467 etiam
1494 433 1564 477 pri·
1587 448 1589 451 ·

147 476 185 507 et
203 472 421 518 gubernatio
439 472 709 523 provinciarum
722 474 843 508 multis
869 475 964 510 stina
983 475 1199 511 crudelitate
1217 487 1261 511 ae
1281 476 1435 512 saevitia
1454 477 1563 522 depo-

145 517 312 561 partibus
325 521 457 551 mutan
472 518 606 562 coepit,
627 529 793 564 quaeque
808 523 844 553 et
868 519 936 554 sita
945 520 1074 555 leniter
1081 520 1495 556 ethumaniterexercere
1503 523 1563 556 im-

145 563 227 606 ipsa
241 572 284 596 eo
298 563 507 605 valuerunt,
533 566 574 595 ut
590 573 706 596 novus
725 574 843 597 rerum
866 564 1357 611 perium,utipsumtanquam
1390 566 1564 611 rineipem

146 607 237 641 ordo
251 606 355 651 isque
369 606 511 640 faustus
520 610 629 651 atque
638 606 725 641 felix
741 618 841 642 exors
867 613 1128 644 mansuetumet
1137 610 1347 644 clementem
1381 612 1563 646 evenerari

145 654 204 685 tus
218 661 300 685 esse
314 651 508 685 videretur.
532 650 731 686 Addidisse
744 652 841 687 iuva-
866 654 1002 689 liceret.
1031 654 1174 688 Etenim
1188 659 1360 700 quantam
1372 659 1448 689 tum
1463 667 1563 700 spem

143 695 210 739 bit,
220 695 330 729 etiam
340 695 422 740 ipsa
430 695 558 730 bellaa
569 695 724 731 Caesare
735 696 841 731 Octa·
867 702 903 732 et
914 698 1085 733 fiduciam
1099 710 1224 734 omnes
1238 699 1348 745 vulgo
1362 700 1399 734 in
1408 699 1563 735 Caesare

144 740 252 774 viano
271 738 442 785 Augusto
468 743 575 785 gesta
592 741 639 775 ad
658 740 841 776 illustran-
867 742 1069 778 Octaviano
1082 743 1290 788 posuerint,
1316 749 1414 779 certe
1433 745 1563 780 exinde

145 785 229 818 dum
252 784 367 829 ipsius
393 784 581 829 imperium
609 796 684 819 non
713 797 841 830 parum
866 788 1058 832 perspicue
1073 788 1307 833 intelligitur,
1330 789 1429 835 quod
1447 789 1563 824 eiiam

143 828 290 863 fecisse.
325 829 419 863 Nam
438 840 547 874 quum
566 829 627 864 ille
647 841 775 874 pacem
799 843 842 865 ae
866 832 950 866 inde
975 833 1022 867 ab
1047 844 1090 867 eo
1117 837 1298 878 tempore,
1325 845 1396 878 quo
1417 832 1564 868 Sextum

142 873 446 919 tranquillitatem
454 873 583 908 ltaliae
596 878 774 918 perpetuo
788 879 841 909 tu-
866 877 1080 921 Pompeium
1093 877 1289 921 devicerat,
1303 889 1378 912 non
1390 879 1498 912 modo
1514 878 1564 912 di·-

142 922 241 952 tatus
267 918 324 962 sit,
350 922 426 952 tum
452 918 561 952 etiam
586 919 761 953 adversus
783 930 843 954 ex·
866 921 970 955 vinos
989 922 1159 964 honores,
1180 922 1244 957 sed
1263 922 1371 956 etiam
1390 923 1563 956 maximos

142 966 241 998 teres
265 974 312 1008 po
342 963 422 997 ulos
447 963 546 997 bella
570 964 685 1008 gessit
708 964 841 998 felicis·
866 966 1100 1011 magistratus
1113 970 1224 1012 atque
1234 966 1490 1011 dignitatesita
1504 968 1563 1002 de-

143 1007 244 1051 sime,
263 1011 304 1041 ut
316 974 408 1041 fines
421 1007 563 1051 imperii
577 1012 704 1043 contra
716 1008 841 1043 hostes
865 1011 1044 1054 tulerunt,
1079 1015 1119 1044 ut
1149 1011 1305 1063 denique
1336 1023 1429 1046 unus
1454 1015 1563 1056 atque

141 1051 298 1086 nominis
316 1052 474 1086 Romani
500 1052 762 1097 gloriosissime
782 1054 841 1088 de-
867 1055 966 1089 solus
985 1055 1141 1089 civitatis
1155 1056 1322 1090 dommus
1342 1056 1547 1091 existeret.1

141 1096 312 1131 fenderit.
359 1096 535 1131 Nimirum
560 1097 840 1141 prudentissime
898 1099 1020 1144 Atque
1033 1100 1125 1134 haec
1138 1100 1238 1134 bona
1252 1101 1374 1135 omnia
1393 1112 1465 1135 una
1485 1112 1563 1135 cum

142 1152 258 1185 arma,
296 1151 389 1186 quae
415 1145 523 1175 antea
546 1141 584 1175 in
610 1142 706 1177 cives
736 1154 843 1177 versa
868 1144 1006 1178 civibus
1032 1145 1106 1178 suis
1127 1144 1236 1179 etiam
1255 1145 1431 1180 Horatius
1451 1156 1563 1190 agno-

142 1189 264 1230 erant,
290 1190 418 1220 contra
442 1186 583 1230 imperii
607 1185 732 1221 hostes
758 1199 841 1221 con·
868 1199 968 1223 scere
982 1189 1256 1223 nondubitavit.
1282 1190 1564 1235 Quiquumolim

140 1230 260 1265 vertit.
308 1231 388 1271 Quo
416 1241 503 1264 sane
529 1230 567 1264 id
593 1235 841 1276 consequutus
867 1244 966 1268 arma
983 1244 1048 1278 pro
1067 1233 1291 1278 reipublicae
1312 1234 1480 1269 libertate
1507 1246 1563 1269 ea-

142 1278 209 1319 est,
223 1278 264 1309 ut
275 1285 349 1309 non
357 1275 465 1308 modo
476 1286 701 1310 communem
711 1276 841 1310 civium
866 1278 1091 1322 pessivisset‚
1111 1282 1234 1313 tamen
1246 1279 1318 1313 iam
1330 1279 1414 1313 inde
1428 1291 1450 1313 a
1462 1279 1562 1314 bello

142 1319 297 1354 salutem
332 1319 527 1363 plurimum
562 1319 745 1355 adiuvisse
777 1321 842 1355 sed
867 1322 1252 1374 eumSextoPompeio
1267 1327 1371 1369 gesto
1385 1324 1562 1368 adpartes

141 1364 252 1399 etiam
275 1363 416 1408 imperii
439 1363 595 1398 Romani
626 1364 842 1409 dignitatem
868 1366 1563 1403 Octavianasinclinavit.Posteaautem

141 1412 251 1454 atque
264 1409 491 1443 maiestatem
531 1408 766 1444 loriosissime
781 1410 840 1444 de-
868 1422 948 1445 cum
973 1411 1187 1446 Maecenate
1211 1412 1384 1447 interiore
1416 1412 1563 1447 coniun—

141 1453 303 1488 fendisse
340 1456 450 1498 atque
481 1420 674 1488 acgiauxisse
705 1454 840 1488 iudica·
867 1459 945 1490 ctus
959 1456 1118 1490 amicitia
1132 1455 1279 1491 Caesari
1294 1456 1497 1491 Octaviano
1512 1457 1563 1491 ita

141 1501 199 1532 tus
219 1498 278 1532 sit.
865 1500 988 1535 favere
1004 1501 1140 1544 coepit,
1166 1505 1208 1535 ut
1227 1501 1272 1535 de
1287 1501 1416 1535 studiis
1437 1502 1514 1536 eius
1528 1506 1564 1536 et

172 1542 294 1588 Atque
323 1541 381 1575 his
413 1541 566 1586 carptim
602 1543 707 1588 quasi
732 1554 840 1588 expo-
866 1545 1028 1579 consiliis
1044 1545 1180 1589 optima
1200 1557 1366 1591 quaeque
1387 1550 1562 1590 speraret,

141 1587 220 1621 sitis
234 1590 364 1631 sponte
378 1597 398 1620 o
427 1586 508 1620 inor
516 1588 720 1631 apparebit,
730 1599 840 1633 quan-
864 1589 1015 1634 ipseque
1028 1590 1179 1634 propius
1198 1590 1235 1624 in
1249 1590 1326 1625 eius
1340 1590 1563 1625 familiarita-

139 1636 214 1667 tam
232 1635 308 1665 tum
325 1641 384 1664 res
439 1642 570 1666 omana
590 1632 743 1667 subierit
767 1644 840 1666 mu·
865 1637 938 1668 tem
957 1634 1224 1678 admitteretur,
1250 1635 1350 1680 quod
1369 1635 1513 1670 circiter
1530 1647 1562 1670 a.

139 1676 325 1711 tationem.
339 1675 483 1720 Eaipsa
495 1679 615 1711 autem
628 1677 839 1722 mutatione,
866 1678 940 1712 725.
965 1678 1017 1713 ita
1041 1678 1178 1713 factum
1196 1679 1350 1714 videtur.
1387 1679 1562 1714 Nimirum

140 1721 247 1755 sicuti
287 1721 358 1754 iam
394 1724 503 1755 antea
539 1721 835 1772 significavimus,
865 1722 1066 1758 rectissime
1081 1734 1167 1758 sane
1182 1727 1309 1768 poeta:
1326 1725 1502 1769 Tempora,
1510 1724 1561 1759 in-

140 1765 310 1801 effectum
352 1768 430 1809 est,
466 1769 508 1799 ut
532 1769 640 1800 etiam
659 1766 839 1801 Romano-
890 1767 1427 1811 uit,mutantur,ecnosmutamur
1438 1770 1559 1803 inillis.

139 1822 217 1845 rum
237 1811 282 1844 de
303 1809 415 1844 rebus
432 1810 593 1854 publicis
613 1811 731 1862 deque
757 1811 839 1845 eivi—
900 1813 1407 1857 uamquamHoratiusnetum
1416 1813 1561 1858 quidem

139 1854 225 1889 tatis
252 1865 339 1889 suae
365 1854 578 1889 conditione
608 1855 744 1890 iudlcia
767 1856 840 1890 alia
866 1867 946 1891 sese
967 1856 1136 1908 cuiquam
1155 1857 1272 1891 voluit
1295 1861 1410 1892 totum
1428 1858 1560 1892 manci-

139 1904 251 1944 atque
276 1902 386 1933 antea
418 1898 625 1934 existerent.
674 1901 839 1935 Pertaesi
863 1911 967 1946 pare,
989 1912 1123 1946 quippe
1143 1902 1205 1947 qui
1224 1902 1403 1936 studuerit
1420 1914 1474 1936 res
1490 1903 1559 1944 sibi,

139 1945 235 1979 enim
248 1943 562 1989 aliquandoistius
578 1943 838 1979 fueruntliber-
863 1946 1176 1990 nonsesabiunyere
1189 1947 1318 1981 rebus)
1337 1946 1561 1992 Quodigitur

139 1989 237 2041 tatis,
259 1999 354 2034 quae
369 1999 480 2033 quum
494 1988 580 2022 olim
599 1988 731 2023 fuisset
745 1990 839 2024 salu·
865 1990 1027 2034 fuerunt,
1054 1990 1228 2035 quicum,
1249 1994 1378 2036 utpote
1393 1990 1560 2026 Caesaris

138 2034 307 2077 berrlma,
334 2037 456 2067 tamen
479 2032 570 2077 ipsis
590 2033 746 2079 denique
766 2045 838 2068 ma—
863 2034 1023 2079 Augusti
1039 2035 1279 2079 laudatorem,
1300 2035 1417 2080 turpis
1437 2036 1560 2070 adula-

138 2078 234 2113 xima
253 2088 422 2122 quaeque
440 2078 538 2112 mala
555 2077 838 2122 importavisset.
863 2079 972 2113 tionis
986 2090 1086 2114 reum
1100 2083 1271 2125 agerent,
1291 2083 1355 2114 aut
1367 2080 1496 2115 saltem
1509 2080 1560 2114 in-

139 2122 320 2164 Quocirca
346 2122 550 2157 Octaviano
576 2133 695 2157 rerum
747 2123 837 2157 otito
864 2123 1559 2168 constantiaeincusarent,hicertenon

138 2167 337 2218 aliquando
372 2177 464 2211 pace
502 2170 539 2201 et
572 2168 718 2212 tranqui
737 2167 838 2202 litate
862 2168 1048 2212 viderunt,
1068 2179 1149 2203 eum
1163 2179 1243 2203 sese
1256 2169 1468 2220 neutiquam
1479 2181 1559 2214 par—

139 2212 208 2246 sibi
225 2211 395 2246 restituta
409 2211 582 2246 delectati
595 2217 696 2255 sunt3
721 2212 838 2257 gavisi
862 2212 1150 2247 tibusBrutianis
1163 2216 1298 2247 temere
1310 2213 1449 2248 rehetis
1463 2224 1558 2247 novo

139 2260 224 2291 sunt
234 2256 342 2291 bonis
357 2255 545 2300 institutis,
567 2267 660 2307 quae
674 2257 722 2290 ad
736 2267 836 2291 coer·
862 2256 1072 2301 imperatori
1112 2257 1320 2302 importune
1357 2258 1558 2293 obtrusisse

139 2301 292 2336 cendam
304 2311 444 2335 morum
456 2301 641 2335 licentlam
654 2301 837 2352 valerent,
862 2306 926 2335 aut
956 2302 1033 2336 eius
1064 2302 1218 2347 gratiam
1249 2306 1287 2336 et
1310 2301 1472 2337 favorem
1495 2302 1558 2336 hu-

138 2346 415 2381 exsultaverunt
438 2344 601 2379 victoriis
627 2345 671 2380 de
696 2345 837 2390 imperii
861 2345 1008 2380 milibus
1044 2346 1183 2381 artibus
1214 2350 1435 2391 aucupatum
1464 2357 1556 2381 esse.

139 2390 195 2425 sui
229 2390 399 2424 hostibus
431 2389 592 2434 gloriose
620 2400 660 2424 re
690 2390 836 2433 ortatis3
860 2390 1055 2424 Enimvero
1079 2401 1124 2425 ne
1148 2391 1293 2435 accepit
1323 2391 1468 2436 quidem
1497 2391 1557 2425 ille

138 2446 272 2470 novam
286 2445 387 2478 spem
401 2438 649 2478 conceperunt
687 2445 706 2469 e
720 2434 838 2469 incre·
860 2439 1118 2474 ms
1131 2448 1250 2479 Augusti
1269 2449 1381 2480 ingenio
1394 2450 1423 2473 et
1435 2448 1557 2473 mofibus

137 2479 269 2515 montis
283 2478 454 2524 publicae
467 2479 632 2523 privatae
662 2490 706 2513 ue
721 2478 836 2514 felici,
860 2484 970 2512 praeter
986 2482 1075 2506 Tacit.
1093 2482 1168 2507 Anu.
1182 2482 1204 2507 1.
1218 2483 1242 2507 9.
1259 2484 1287 2507 et
1298 2484 1340 2508 10.
1359 2488 1447 2513 nuper
1464 2482 1556 2513 dispu-

138 2524 237 2567 tatis,
290 2535 374 2558 uum
392 2534 467 2557 11011
479 2523 587 2557 modo
606 2535 649 2557 ur
678 2534 745 2566 em,
772 2524 836 2558 sed
860 2515 1555 2574 &suffitias55222352511÷ina1332r31

139 2569 248 2604 etiam
281 2569 405 2602 taliam
419 2567 652 2612 agricultura,
668 2567 835 2612 opificiis,
860 2589 887 2613 p.
902 2583 1032 2612 211sqq.,
1057 2582 1195 2606 Weichert
1214 2583 1256 2607 De
1274 2583 1430 2613 imperator.
1445 2581 1555 2606 Caesar.

138 2617 355 2657 mercatura,
375 2613 514 2646 artibus
533 2616 643 2657 atque
657 2612 787 2647 litteris
801 2612 836 2646 in
860 2615 978 2645 Augusti
987 2615 1205 2647 x-itaetscriptis.
1216 2615 1407 2640 flammam.
1416 2615 1555 2644 4.,Hoeck

140 2658 218 2692 dies
229 2658 346 2702 magis
355 2656 485 2692 florere
494 2656 835 2709 animadverterent.
860 2648 1053 2714 {ffissaglssgffl
1063 2650 1083 2673 ¹·
1098 2650 1122 2674 ¹·
1136 2651 1217 2680 1³·421
1227 2656 1297 2681 sqq„
1318 2648 1362 2673 ⁰¹¹¹
1379 2655 1430 2674 ¹²⁰³
1443 2649 1555 2674 omnino

139 2702 302 2748 Denique
310 2702 472 2747 plerique
482 2702 835 2737 omnesbonoammo
894 2716 909 2742 2
927 2716 1015 2747 Ep1st.
1030 2716 1051 2741 1.
1066 2718 1090 2747 1,
1104 2716 1146 2741 19.
