1500 2820
225 170 246 212 1
253 170 305 212 10
656 179 699 222 Q.
711 178 925 215 HORATH
940 178 1122 216 FLAOCI

387 296 538 337 pavore
563 297 726 324 somnos
750 282 943 324 auferam.

333 358 406 386 vos
430 343 549 386 turba
571 344 735 386 vicatim
757 344 852 386 hine
875 351 915 386 et
936 345 1031 386 hine
1055 345 1164 387 saxis
1186 351 1328 401 petens

390 406 609 447 contundet
631 405 854 448 obscoenas
879 421 993 448 anus.

332 474 426 523 post
447 468 650 523 insepulta
671 468 854 510 membra
877 469 1064 510 different
1086 468 1172 524 lupi

139 537 201 568 100
390 535 429 570 et
451 529 690 583 Esquilinae
714 529 850 580 alites3

334 605 466 644 neque
490 591 567 632 hoe
589 597 796 646 parentes,
821 591 902 632 heu
924 591 1023 633 mihi
1047 590 1302 648 superstites!

391 653 580 709 effugerit
603 653 918 709 spectaculum.“

713 835 968 876 GARMEN
995 837 1071 876 VI.

611 935 661 967 IN
689 935 900 969 CAssmM
925 937 1166 969 SEVERUM.

335 1024 446 1078 Quid
470 1025 727 1066 immerentes
751 1024 932 1079 hospites
956 1039 1081 1066 vexas
1107 1025 1217 1066 canis

389 1087 562 1142 ignavus
587 1086 804 1128 adversum
826 1086 971 1141 lupos?

333 1149 432 1203 quin
454 1149 535 1189 hue
557 1148 718 1198 inanes,
745 1148 780 1190 si
801 1154 938 1203 potes,
962 1147 1086 1189 vertis
1110 1148 1240 1189 minas

389 1218 429 1251 et
451 1224 516 1250 me
539 1224 813 1251 remorsurum
835 1209 966 1264 petis?

179 1287 198 1316 5
334 1286 429 1312 nam
452 1271 583 1324 qualis
607 1277 678 1312 aut
699 1270 910 1312 Molossus
934 1276 1005 1312 aut
1027 1270 1164 1312 fulvus
1187 1270 1345 1320 Lacon,

390 1333 520 1374 amica
542 1333 605 1374 vis
628 1332 874 1387 pastoribus,

334 1410 454 1450 agam
477 1409 550 1450 per
573 1394 676 1436 altas
700 1409 796 1436 aure
822 1393 982 1436 sublata
1003 1394 1133 1444 nives,

389 1470 669 1510 quaecumque
692 1456 908 1512 praecedet
930 1455 1030 1498 fera.

333 1524 378 1559 tu
402 1532 494 1559 eum
517 1518 697 1559 timenda
721 1532 820 1559 voee
844 1517 1056 1572 complesti
1077 1531 1235 1567 nemus,

159 1594 200 1625 10
389 1580 614 1635 proiectum
637 1579 818 1621 odoraris
842 1579 991 1621 eibum.

333 1655 431 1683 eave
455 1655 571 1682 eave:
596 1655 772 1694 namque
795 1641 837 1682 in
859 1640 987 1682 malos
1011 1639 1256 1695 asperrimus

387 1709 529 1757 parata
552 1702 648 1744 tollo
673 1717 835 1752 cornua,

332 1764 463 1819 qualis
487 1763 725 1819 Lycambae
750 1770 908 1818 spretus
932 1763 1057 1805 infido
1079 1777 1217 1819 gener,

389 1832 459 1867 aut
483 1840 575 1867 acer
598 1826 727 1867 hostis
751 1825 924 1880 Bupalo.

157 1902 198 1931 15
333 1903 386 1929 an
410 1888 445 1928 si
468 1887 558 1941 quis
584 1894 670 1928 atro
695 1888 815 1928 dente
838 1901 903 1928 me
925 1886 1124 1942 petiverit,

388 1948 540 1990 inultus
565 1958 610 1990 ut
633 1948 738 1991 flebo
761 1948 886 2004 puer?

700 2130 956 2170 CARMEN
985 2128 1084 2168 VH.

591 2230 657 2261 AD
683 2229 911 2262 POPULUM
935 2227 1192 2260 ROMANUM.

335 2317 429 2371 Quo
453 2333 534 2372 quo
559 2317 719 2359 scelesti
742 2316 883 2358 ruitis?
905 2322 975 2357 aut
999 2329 1071 2356 eur
1093 2314 1268 2356 dexteris

389 2386 578 2434 aptantur
602 2393 720 2420 enses
745 2377 920 2420 conditi?

332 2455 527 2496 parumne
551 2441 704 2495 eampis
729 2446 849 2493 atque
872 2439 1061 2494 Neptuno
1086 2452 1208 2493 super

388 2502 526 2543 fusum
551 2510 613 2543 est
635 2501 776 2543 Latini
801 2500 1022 2555 sanguinis,

179 2578 199 2609 5
334 2578 433 2612 non,
458 2571 502 2604 ut
528 2562 723 2617 superbas
747 2562 907 2603 invidae
934 2560 1193 2615 Carthaginis

389 2624 599 2666 Romanus
625 2638 737 2665 arces
762 2633 905 2672 ureret,
