1500 2820
411 32 413 34 ,
446 0 1088 58 ΨΝΨὛΉἪἭ
1215 0 1234 9 “
1298 0 1339 18 ·⁴

437 200 712 246 CARMINUM
737 207 836 244 LIB.
854 206 923 244 111.

37 310 44 322 ’
78 320 120 374 ΙΨ
225 315 327 360 lenit
349 314 564 358 albescens
588 314 748 357 animos
774 314 947 370 capillus

225 379 359 423 litium
381 385 424 421 et
443 378 559 421 rixae
583 378 756 434 cupidos
781 385 1016 434 protervae3

42 443 84 507 ’ξιξ
226 457 311 486 non
334 457 413 499 ego
436 441 517 484 hoc
539 441 692 483 ferrem
716 440 876 484 calidus
900 441 1070 484 iuventa

43 507 66 516 ‘
311 504 479 549 consule
503 504 672 548 Planco.

19 572 64 762 ὅ
488 679 750 721 CARMEN
779 680 878 720 XV.

429 776 502 809 IN
553 776 928 809 CHLORIM.

172 860 292 904 Uxor
314 861 507 918 pauperis
530 860 664 916 Ibyci,

226 925 392 967 tandem
415 925 623 980 nequitiae
646 923 729 981 fige
753 924 926 966 modum
951 929 1046 966 tuae

172 987 426 1043 famosisque
449 987 680 1030 laboribus:

226 1057 386 1094 maturo
410 1051 578 1107 propior
601 1051 743 1094 desine
768 1051 906 1093 funeri

171 1143 277 1186 inter
298 1143 441 1185 ludere
465 1143 647 1200 virgines

226 1213 268 1250 et
293 1206 422 1250 stellis
445 1206 642 1249 nebulam
666 1222 860 1264 spargere
886 1207 1085 1250 candidis.

168 1285 270 1321 non,
296 1270 333 1312 si
355 1270 457 1325 quid
479 1270 667 1313 Pholoen
693 1270 807 1321 satis,

227 1339 268 1376 et
290 1339 350 1385 te,
378 1332 540 1384 Chlori,
566 1334 704 1385 decet3
729 1333 813 1376 filia
836 1334 989 1376 rectius

172 1431 383 1482 expugnat
405 1425 603 1467 iuvenum
628 1425 788 1476 domos,

224 1488 346 1544 pulso
371 1487 530 1544 Thyias
553 1487 614 1530 uti
639 1488 800 1530 concita
823 1494 1032 1545 tympano.

170 1550 282 1593 illam
307 1551 419 1608 cogit
442 1566 558 1594 amor
579 1550 708 1593 Nothi

225 1613 404 1656 lascivae
430 1614 607 1656 similem
630 1613 772 1657 ludere
796 1629 989 1671 capreae:

172 1712 211 1748 te
234 1705 353 1748 lanae
376 1720 505 1762 prope
527 1706 712 1749 nobilem

226 1773 372 1811 tonsae
394 1769 638 1821 Luceriam,
662 1785 748 1812 non
771 1769 951 1812 citharae
976 1769 1136 1821 decent,

170 1845 248 1873 nec
269 1831 346 1874 flos
371 1846 603 1888 purpureus
627 1847 761 1883 rosae,

226 1908 304 1936 nec
326 1894 432 1951 poti,
457 1895 658 1947 vetulam,
683 1895 800 1938 faece
825 1902 945 1938 tenus
971 1895 1075 1938 cadi.

480 2063 742 2104 OARMEN
769 2065 891 2105 XVI.

306 2159 374 2192 AD
402 2160 446 2192 C.
474 2160 681 2194 CILNIUM
704 2162 1069 2196 MAECENATEM.

169 2243 383 2286 Inclusam
405 2243 585 2287 Danaen
607 2245 730 2288 turris
755 2262 885 2290 aenea

160 2305 447 2362 -robustaeque
470 2307 581 2350 fores
606 2314 647 2350 ct
669 2309 844 2366 vigilum
868 2325 1018 2353 canum

228 2368 365 2411 tristes
389 2369 588 2414 excubiae
613 2372 848 2415 munierant
872 2374 972 2416 satis

283 2433 495 2475 nocturnis
519 2433 572 2476 ab
596 2434 806 2486 adulteris,

12 2573 14 2578 ι
171 2520 208 2564 si
230 2536 314 2563 non
336 2521 567 2575 Acrisium,
592 2525 766 2581 virginis
790 2525 956 2568 abditae

0 2592 30 2675 {ss
173 2584 388 2626 custodem
410 2586 626 2642 pavidum,
651 2587 840 2644 Iuppiter
863 2595 904 2630 et
928 2587 1072 2632 Venus

54 2675 55 2678 ,
227 2646 433 2689 risissent:
458 2648 547 2692 fore
571 2650 680 2692 enim
705 2657 840 2693 tutum
863 2651 942 2694 iter
965 2658 1005 2694 et
1027 2658 1174 2708 patens

0 2678 67 2820 k
285 2723 483 2754 converso
505 2711 549 2754 in
571 2713 749 2768 pretium
773 2713 863 2756 deo.

1079 2786 1134 2820 5*

1306 197 1361 241 67

1390 325 1433 358 25

1392 1502 1435 1533 10

1393 1846 1434 1878 15
