1500 2820
189 591 230 621 70

189 900 228 929 75

187 1207 229 1238 80

187 1515 228 1546 85

187 1823 229 1854 90

189 2132 229 2161 95

167 2439 230 2468 100

257 215 337 262 124
688 226 730 269 Q.
749 226 962 263 HORATII
979 224 1156 262 FLAOCI

256 331 314 374 sic
338 331 497 373 solitus:
525 330 724 386 „populus
747 345 813 372 me
837 330 989 380 sibilat3
1013 335 1055 372 at
1077 329 1177 371 mihi
1197 329 1346 385 plaudo

253 393 341 448 ipse
365 392 493 442 domi,
519 392 640 433 simul
663 406 711 434 ac
734 407 921 434 nummos
946 391 1197 446 contemplor
1218 391 1262 433 in
1283 394 1415 434 arca.“
1439 416 1493 424 -

254 454 452 496 Tantalus
477 469 501 494 a
523 453 646 494 labris
673 453 811 495 sitiens
836 452 1035 508 fugientia
1058 458 1192 507 captat

253 516 420 557 flumina
444 547 452 557 .
468 547 478 557 .
493 547 503 556 .
518 547 527 556 .
553 515 651 569 quid
673 515 806 556 rides?
828 521 982 556 mutato
1005 514 1167 556 nomine
1191 514 1242 556 de
1265 521 1304 556 te

253 577 393 619 fabula
416 583 611 618 narratur.
638 576 841 632 congestis
866 576 1045 630 undique
1070 575 1198 618 saccis

251 639 446 680 indormis
470 638 648 687 inhians,
674 645 713 679 et
737 644 930 691 tanquam
951 651 1116 692 parcere
1141 637 1266 678 sacris

253 700 409 756 cogeris
435 706 504 740 aut
526 700 644 754 pictis
670 706 862 753 tanquam
886 699 1063 754 gaudere
1087 697 1258 739 tabellis.

251 762 384 804 nescis
410 776 490 815 quo
514 761 647 802 valeat
668 761 884 802 nummus?
908 775 1028 814 quem
1051 758 1244 814 praebeat
1265 759 1408 802 usum?

251 825 368 879 panis
393 831 567 873 ematur,
592 824 700 872 olus,
726 823 810 863 vini
835 823 1052 871 sextarius,
1078 822 1182 862 adde

253 886 366 939 queis
391 885 569 926 humana
593 884 671 926 sibi
695 884 829 925 doleat
851 890 995 925 natura
1017 883 1187 938 negatis.

253 964 304 990 an
327 948 495 1003 vigilare
518 953 630 988 metu
654 946 900 995 exanimem,
925 951 1146 999 noctesque
1170 944 1337 999 diesque

253 1010 470 1051 formidare
494 1009 622 1050 malos
647 1008 776 1057 fures,
801 1007 1004 1056 incendia,
1030 1021 1181 1056 servos,

252 1086 303 1112 ne
327 1078 366 1112 te
390 1071 607 1125 compilent
631 1069 853 1124 fugientes,
878 1068 955 1110 hoc
979 1068 1115 1109 iuvat?
1137 1067 1283 1109 horum

254 1147 413 1187 semper
437 1147 513 1187 ego
539 1131 710 1186 optarim
733 1130 1014 1185 pauperrimus
1039 1143 1129 1170 esse
1153 1128 1363 1171 bonorum.
1389 1153 1441 1158 -—

254 1201 295 1235 at
321 1194 355 1235 si
380 1193 587 1235 condoluit
610 1199 808 1234 tentatum
832 1191 983 1246 frigore
1007 1205 1165 1246 corpus,

253 1262 322 1296 aut
345 1255 448 1296 alius
473 1269 592 1295 casus
617 1254 721 1294 lecto
745 1259 784 1294 te
808 1253 967 1302 adfixit,
992 1251 1118 1294 habes
1142 1252 1212 1306 qui

253 1317 454 1366 adsideat,
480 1316 661 1357 fomenta
683 1320 816 1369 paret,
841 1314 1044 1355 medicum
1066 1321 1200 1369 roget,
1224 1319 1269 1354 ut
1292 1319 1331 1354 te

253 1379 421 1420 suscitet
444 1392 491 1419 ac
514 1377 620 1418 natis
643 1376 787 1418 reddat
810 1375 994 1429 carisque
1017 1375 1266 1430 propinquis.
1289 1399 1343 1405 --

251 1455 334 1481 non
356 1454 460 1480 uxor
484 1438 642 1480 salvum
666 1444 705 1479 te
728 1437 833 1486 vult,
857 1451 941 1478 non
963 1436 1070 1478 filius
1077 1453 1089 1486 3
1114 1450 1254 1477 omnes

252 1502 375 1542 vicini
399 1501 587 1550 oderunt,
613 1499 715 1549 noti,
739 1499 855 1554 pueri
878 1503 998 1552 atque
1021 1497 1192 1552 puellae.

252 1563 430 1612 miraris,
455 1577 582 1616 quum
606 1568 650 1602 tu
674 1566 841 1616 argento
865 1566 958 1614 post
981 1559 1117 1600 omnia
1139 1574 1281 1614 ponas,

255 1626 290 1666 si
312 1639 431 1665 nemo
455 1629 633 1678 praestet
656 1636 778 1676 quem
801 1636 883 1662 non
906 1621 1095 1662 merearis
1121 1619 1323 1662 amorem?

255 1702 308 1728 an
332 1686 367 1727 si
390 1691 602 1741 cognatos,
627 1684 739 1725 nullo
762 1689 907 1724 natura
929 1682 1068 1724 labore

253 1762 355 1801 quos
380 1746 454 1788 tibi
476 1747 563 1795 dat,
588 1745 760 1786 retinere
783 1744 883 1786 velis
909 1757 1149 1797 servareque
1173 1743 1337 1792 amicos,

252 1809 395 1850 infelix
418 1823 583 1863 operam
606 1807 773 1862 perdas:
797 1813 843 1847 ut
867 1806 901 1847 si
925 1805 1016 1859 quis
1040 1805 1212 1847 asellum

254 1872 295 1912 in
319 1885 462 1925 campo
487 1869 631 1911 doceat
653 1873 863 1924 parentem
887 1881 1045 1909 currere
1068 1865 1219 1908 frenis?

254 1933 427 1986 denique
453 1931 504 1973 sit
527 1931 618 1971 finis
644 1930 883 1984 quaerendi,
908 1943 1115 1983 quumque
1137 1927 1290 1970 habeas
1314 1927 1418 1983 plus,

253 1994 488 2049 pauperiem
511 1999 670 2033 metuas
694 1992 829 2032 minus
854 1997 894 2032 et
916 1991 1031 2032 finire
1054 1990 1234 2032 laborem

253 2055 441 2110 incipias,
465 2061 581 2109 parto
606 2053 716 2107 quod
739 2052 908 2102 avebas,
933 2067 983 2092 ne
1007 2051 1134 2093 facias
1157 2051 1267 2105 quod

256 2116 489 2158 Ummidius
514 2115 679 2168 quidam
687 2130 698 2164 3
723 2129 805 2155 non
827 2114 950 2169 longa
973 2119 1036 2154 est
1058 2112 1209 2154 fabula.
1234 2112 1349 2153 dives

254 2184 298 2218 ut
321 2177 530 2218 metiretur
552 2190 760 2225 nummos,
785 2176 841 2216 ita
865 2175 1052 2216 sordidus
1076 2181 1121 2215 ut
1146 2188 1189 2215 se

253 2254 335 2281 non
359 2253 538 2292 unquam
562 2251 679 2278 servo
702 2237 847 2278 melius
870 2236 1053 2286 vestiret,
1078 2235 1131 2276 ad
1153 2248 1283 2288 usque

255 2315 489 2356 supremum
514 2306 673 2354 tempus
697 2314 747 2340 ne
773 2314 816 2340 se
839 2300 1008 2354 penuria
1030 2299 1161 2340 victus

254 2363 498 2417 opprimeret
520 2361 736 2402 metuebat.
763 2367 804 2402 at
826 2361 934 2402 hunc
957 2360 1100 2402 liberta
1124 2359 1271 2402 securi—

254 2424 391 2466 divisit
414 2424 610 2473 medium,
635 2423 856 2465 fortissima
880 2423 1217 2477 Tyndaridarum.
1241 2445 1296 2452 -—

254 2486 353 2539 quid
375 2486 432 2526 mi
454 2485 577 2540 igitur
601 2485 773 2526 suades?
795 2490 841 2525 ut
863 2484 998 2524 vivam
1021 2482 1237 2524 Maenius?
1259 2487 1329 2523 aut
1351 2482 1410 2523 sic

256 2554 299 2587 ut
322 2546 626 2588 Nomentanus?
648 2571 703 2576 -—
725 2546 861 2601 pergis
885 2545 1110 2600 pugnantia
1134 2558 1272 2586 secum

254 2608 454 2650 frontibus
479 2608 659 2649 adversis
685 2607 949 2662 componere?
971 2621 1055 2647 non
1077 2620 1171 2661 ego,
1197 2619 1363 2646 avarum

257 2685 381 2726 quum
405 2676 498 2712 veto
522 2675 560 2710 te
584 2669 688 2718 fieri,
714 2683 888 2724 vappam
912 2668 1031 2709 iubeo
1055 2681 1102 2709 ac
1126 2666 1380 2710 nebulonem.
