1500 2820
201 180 257 224 96

134 367 175 398 10

131 704 171 733 15

131 1031 174 1063 20

128 1403 170 1435 25

131 2525 172 2555 10

631 192 674 234 Q.
694 191 904 228 HORATII
921 190 1102 228 FLACCI

365 293 504 336 dicunt
526 294 569 336 in
592 300 730 337 tenero
752 294 934 351 gramine
957 294 1168 350 pinguium

366 356 555 397 custodes
580 357 716 398 ovium
741 357 920 398 carmina
942 357 1089 407 fistula,

364 417 646 471 delectantque
670 419 808 468 deum,
835 418 900 459 eui
922 433 1048 473 pecus
1073 424 1112 460 et
1135 418 1241 474 nigri

446 479 569 521 colles
593 478 796 522 Arcadiae
819 480 991 535 placent.

362 568 567 610 adduxere
591 568 699 610 sitim
722 574 921 624 tempora,
946 567 1112 624 Virgili3

364 629 436 671 sed
458 644 646 685 pressum
671 629 840 672 Calibus
865 630 1013 671 ducere
1036 629 1234 672 Liberum

364 691 399 732 si
421 691 567 746 gestis,
591 691 785 732 iuvenum
808 691 1004 733 nobilium
1029 691 1167 742 cliens,

443 752 570 794 nardo
594 752 689 794 vina
711 751 929 794 merebere.

362 841 478 883 nardi
500 856 651 897 parvus
676 857 786 896 onyx
809 841 940 884 eliciet
963 842 1122 893 cadum,

362 903 431 957 qui
454 917 562 944 nunc
587 901 779 958 Sulpiciis
805 902 976 945 accubat
998 903 1164 954 horreis,

365 979 459 1020 spes
485 965 635 1006 donare
658 980 786 1007 novas
809 964 948 1020 largus
973 980 1189 1019 amaraque

445 1041 632 1068 curarum
657 1026 790 1068 eluere
814 1026 973 1068 efficax.

362 1116 414 1158 ad
437 1130 542 1170 quae
566 1115 602 1158 si
623 1130 816 1172 properas
841 1115 1009 1172 gaudia,
1035 1130 1127 1157 cum
1151 1122 1221 1158 tua

360 1177 481 1219 velox
503 1192 638 1220 merce
661 1178 774 1228 veni3
797 1192 880 1220 non
904 1192 981 1234 ego
1004 1183 1043 1219 te
1065 1178 1168 1220 meis

361 1240 582 1281 immunem
606 1240 780 1282 meditor
802 1240 986 1295 tinguere
1009 1239 1179 1295 poculis,

442 1301 563 1356 plena
587 1301 700 1343 dives
724 1307 770 1342 ut
791 1301 834 1342 in
857 1301 990 1342 domo.

360 1405 500 1431 verum
523 1405 630 1446 pone
654 1405 788 1432 moras
814 1396 853 1432 et
878 1390 1057 1433 studium
1079 1388 1194 1440 lucri,

360 1453 649 1507 nigrorumque
672 1466 845 1502 memor,
870 1452 968 1493 dum
990 1451 1101 1502 licet,
1125 1450 1282 1506 ignium

360 1514 486 1556 misce
511 1514 723 1556 stultitiam
746 1513 925 1556 consiliis
950 1513 1134 1556 brevemz

443 1575 561 1618 dulce
585 1581 647 1618 est
670 1576 853 1632 desipere
876 1576 920 1618 in
941 1575 1043 1618 loco.

654 1724 912 1764 CARMEN
940 1724 1065 1762 XIII.

565 1819 620 1850 IN
650 1819 836 1851 LYCEN
871 1818 1160 1851 VETULAM.

359 1901 585 1952 Audivere,
610 1901 745 1956 Lyce,
771 1901 813 1942 di
836 1915 927 1942 mea
949 1907 1062 1951 vota,
1087 1900 1129 1942 di

360 1964 568 2014 audivere,
592 1963 728 2019 Lyce:
752 1963 802 2005 fis
826 1978 947 2013 anus,
974 1969 1013 2004 et
1036 1969 1172 2004 tamen

414 2026 477 2067 vis
502 2025 682 2067 formosa
705 2025 844 2074 videri,

469 2087 657 2140 ludisque
681 2092 721 2128 et
743 2085 849 2128 bibis
873 2085 1100 2140 impudens,

358 2182 399 2218 et
422 2182 543 2218 cantu
566 2175 738 2217 tremulo
761 2181 858 2230 pota
883 2174 1128 2230 Cupidinem

358 2237 513 2279 lentum
538 2237 742 2279 sollicitas.
767 2236 835 2278 ifle
859 2236 1025 2278 virentis
1050 2241 1091 2276 et

414 2300 556 2341 doctae
578 2298 751 2354 psallere
777 2297 906 2339 Chiae

468 2360 647 2416 pulchris
673 2359 847 2402 excubat
869 2360 911 2400 in
934 2360 1062 2415 genis.

356 2451 612 2505 importunus
638 2449 745 2491 enim
768 2449 991 2490 transvolat
1015 2448 1147 2489 aridas

357 2526 550 2566 quercus,
576 2518 616 2554 et
637 2511 789 2566 refugit
812 2516 869 2560 te,
895 2510 990 2564 quia
1012 2509 1133 2551 luridi

413 2573 554 2615 dentes
579 2579 636 2622 te,
662 2572 758 2626 quia
778 2586 905 2627 rugae

470 2640 633 2690 turpant
658 2641 695 2675 et
720 2634 863 2689 capitis
887 2633 1014 2675 nives.
