1500 2820
173 471 216 503 20

175 1684 214 1714 10

170 2021 211 2051 15

170 2357 212 2388 20

667 175 711 218 Q.
729 173 944 211 HORATII
959 174 1141 213 FLAGOI

460 276 564 319 adde
587 277 698 331 quod
718 278 848 333 pubes
872 278 946 320 tibi
967 280 1112 322 crescit
1134 281 1277 331 omnis,

460 339 632 381 servitus
657 340 802 382 crescit
823 355 947 392 nova3
971 355 1047 383 nec
1069 341 1222 396 priores

458 399 606 455 impiae
629 398 781 442 tectum
803 401 990 444 dominae
1011 402 1255 457 relinquunt,

543 475 665 516 saepe
688 462 840 504 minati.

458 555 498 591 te
523 550 607 592 suis
630 558 779 593 matres
803 558 988 594 metuunt
1010 553 1205 604 iuvencis,

459 617 498 652 te
523 625 639 654 senes
663 613 776 668 parci
798 613 1050 668 miseraeque
1072 629 1203 670 nuper

458 673 635 727 virgines
658 680 827 729 nuptae,
851 680 922 717 tua
943 690 995 718 ne
1017 676 1192 718 retardet

541 749 639 776 aura
661 735 840 777 maritos.

719 883 1081 923 CARMENIX.

647 976 736 1008 AD
784 971 1160 1011 VALGIUM.

457 1058 550 1100 Non
574 1073 734 1114 semper
754 1058 904 1101 imbres
929 1059 1105 1102 nubibus
1128 1059 1311 1116 hispidos

459 1127 624 1162 manant
646 1121 689 1161 in
713 1135 832 1176 agros
856 1126 926 1163 aut
948 1136 1059 1163 mare
1083 1121 1282 1178 Caspium

514 1189 663 1224 vexant
685 1183 917 1236 inaequales
940 1183 1140 1238 procellae

568 1259 697 1298 usque
705 1261 716 1294 3
741 1258 815 1286 nec
838 1243 1044 1286 Armeniis
1068 1245 1111 1286 in
1134 1246 1227 1296 oris,

459 1335 587 1376 amice
611 1333 752 1390 Valgi,
779 1340 858 1375 stat
879 1335 1031 1390 glacies
1055 1336 1163 1377 iners

458 1411 617 1438 menses
640 1410 714 1451 per
736 1411 895 1446 omnes,
922 1403 991 1438 aut
1014 1396 1288 1451 Aquilonibus

512 1464 734 1512 querqueta
761 1457 945 1514 Gargani
967 1459 1152 1500 laborant

567 1527 607 1561 et
630 1519 736 1561 foliis
761 1520 978 1562 viduantur
1000 1521 1104 1562 orni:

458 1617 502 1651 tu
526 1624 685 1664 semper
708 1625 828 1665 urges
853 1610 1054 1651 flebilibus
1079 1611 1211 1652 modis

460 1671 630 1727 Mysten
653 1672 904 1726 ademptum,
930 1686 1006 1713 nec
1028 1671 1102 1713 tibi
1125 1671 1309 1727 Vespero

513 1740 703 1790 surgente
727 1734 927 1775 decedunt
949 1748 1106 1775 amores

566 1810 642 1837 nec
665 1796 850 1851 rapidum
874 1795 1056 1850 fugiente
1082 1793 1232 1837 Solem.

457 1891 497 1926 at
520 1900 603 1926 non
626 1891 686 1926 ter
709 1900 810 1927 aevo
833 1885 998 1927 functus
1022 1883 1238 1927 amabilem

457 1947 631 2002 ploravit
654 1961 793 1989 omnes
818 1946 1083 1989 Antilochum
1109 1961 1235 1988 senex

513 2024 658 2058 annos,
684 2023 760 2050 neo
782 2007 990 2063 impubem
1012 2013 1200 2063 parentes

571 2070 738 2111 Troilon
762 2076 831 2111 aut
853 2069 1058 2125 Phrygiae
1083 2083 1241 2111 sorores

458 2159 605 2201 flevere
631 2173 802 2214 semper.
828 2159 967 2200 desine
991 2159 1172 2200 mollium

458 2221 621 2263 tandem
644 2220 916 2274 querelarum,
943 2226 983 2261 et
1004 2221 1139 2275 potius
1162 2235 1269 2262 nova

513 2288 721 2324 cantemus
745 2281 927 2337 Augusti
950 2287 1115 2336 tropaea

570 2343 759 2385 Caesaris
784 2350 823 2384 et
845 2343 1021 2398 rigidum
1043 2342 1260 2398 Niphaten,

456 2435 708 2489 Medumque
731 2435 882 2476 flumen
905 2434 1094 2490 gentibus
1118 2434 1300 2476 additum

456 2497 574 2538 victis
597 2497 773 2538 minores
796 2496 958 2538 volvere
981 2495 1167 2546 vortices,

512 2558 695 2612 intraque
718 2557 1011 2613 praescriptum
1035 2555 1217 2599 Gelonos

570 2619 728 2675 exiguis
753 2618 932 2672 equitare
956 2618 1122 2673 campis.
