1500 2820
470 160 836 200 EPISTOLARUM
847 159 959 197 -L1B.
978 159 1009 197 1.

26 272 167 318 ''inter
186 271 284 315 vina
306 269 453 328 fugam
477 267 656 312 Cinarae
679 281 863 310 maerere
885 272 1115 323 protervae.

27 335 166 393 &forte
189 349 264 392 per
287 339 511 392 angustam
534 331 669 375 tenuis
693 330 879 373 nitedula
902 330 1050 372 rimam

30 414 35 433 ε
58 403 244 455 repserat
266 396 310 439 in
333 410 542 439 cumeram
564 393 780 444 frumenti,
805 398 1007 449 pastaque
1031 406 1175 434 rursus

25 479 45 514 a„
58 461 118 505 ire
141 461 253 503 foras
275 459 401 516 pleno
425 457 620 502 tendebat
643 471 815 513 corpore
838 455 1004 498 frustra.

30 563 33 566 Α
61 524 128 568 cui
150 522 329 566 mustela
351 522 515 579 procul:
543 521 605 574 „si
628 521 691 563 vis
699 523 738 572 ,“
765 520 840 571 ait,
868 519 1079 576 „effugere
1101 517 1237 568 istinc,

60 601 200 630 macra
223 600 374 629 cavum
397 591 559 642 repetes
584 591 737 635 artum,
763 598 888 638 quem
911 597 1052 624 macra
1076 580 1266 624 subisti.“

59 650 140 693 hac
163 664 242 707 ego
267 649 303 691 si
327 649 554 705 compellor
576 647 775 705 imagine,
802 652 951 688 cuncta
973 645 1141 702 resigno
1148 661 1160 696 ;

23 722 34 757 ’ξ
59 727 138 756 nec
162 727 355 755 somnum
379 711 513 768 plebis
538 711 663 753 laudo
688 716 803 752 satur
826 709 1018 760 altilium,
1043 722 1121 750 nec

61 776 146 819 otia
168 775 323 818 divitiis
347 775 539 818 Arabum
562 774 771 817 liberrima
793 780 922 816 muto.

24 838 33 859 ‘⁴
63 853 187 895 saepe
211 839 494 881 verecundum
517 838 714 888 laudasti,
739 851 895 892 rexque
919 842 1117 893 paterque

62 901 215 944 audisti
238 916 397 953 coram,
422 916 501 943 nec
525 901 652 944 verbo
675 900 842 957 parcius
867 899 1038 950 absens3

24 998 26 1000 ψ
62 964 220 1020 inspice
246 965 282 1007 si
305 978 476 1022 possum
502 965 654 1007 donata
675 978 875 1019 reponere
898 963 1044 1005 laetus.

63 1027 177 1070 haud
199 1028 309 1070 male
333 1027 632 1078 Telemachus,
657 1027 795 1083 proles
819 1026 1013 1083 patientis
1038 1025 1174 1068 Ulixi:

16 1110 20 1114 *
66 1105 176 1143 „non
200 1098 264 1133 est
287 1097 408 1147 aptus
434 1091 552 1146 equis
576 1090 721 1132 Ithace
744 1090 880 1140 locus,
906 1095 952 1132 ut
974 1103 1110 1144 neque
1133 1088 1268 1144 planis

63 1160 277 1211 porrectus
303 1154 447 1210 spatiis
472 1169 549 1196 nec
573 1153 727 1195 multae
751 1153 952 1210 prodigus
978 1151 1150 1202 herbae3

64 1216 233 1268 Atride,
258 1217 394 1274 magis
418 1223 516 1273 apta
539 1216 614 1259 tibi
638 1223 710 1258 tua
734 1217 844 1259 dona
867 1215 1137 1270 relinquam.“

64 1294 240 1336 parvum
263 1294 393 1336 parva
416 1280 581 1322 decent:
606 1279 708 1321 mihi
731 1279 814 1321 iam
838 1294 922 1321 non
945 1279 1062 1334 regia
1085 1278 1234 1328 Roma,

22 1343 23 1346 ’
66 1342 142 1384 sed
164 1356 344 1384 vacuum
369 1342 502 1385 Tibur
524 1342 662 1398 placet
686 1349 758 1384 aut
780 1341 947 1384 imbelle
974 1341 1214 1383 Tarentum,

19 1459 27 1465 ,Ἰ
66 1411 259 1447 strenuus
284 1412 325 1447 et
348 1405 467 1447 fortis
493 1405 736 1461 caussisque
759 1404 980 1461 Philippus
1006 1404 1179 1461 agendis

23 1511 26 1519 2
65 1467 220 1518 clarus,
246 1467 300 1510 ab
323 1468 474 1511 officiis
499 1475 690 1511 octavam
715 1468 877 1511 circiter
900 1469 1045 1511 horam

19 1575 23 1579 „
66 1530 166 1572 dum
189 1531 295 1573 redit
319 1538 443 1586 atque
466 1531 559 1574 foro
583 1531 758 1574 nimium
782 1531 935 1574 distare
962 1531 1136 1575 Carinas

20 1610 27 1626 2
65 1593 150 1636 iam
172 1594 342 1651 grandis
366 1601 468 1637 natu
492 1595 695 1650 queritur,
722 1596 957 1651 conspexit,
983 1602 1029 1636 ut
1054 1595 1181 1645 aiunt,

67 1656 262 1699 adrasum
285 1658 495 1712 quendam
521 1672 654 1700 vacua
676 1658 856 1701 tonsoris
880 1658 925 1700 in
949 1657 1096 1700 umbra

17 1746 19 1751 .
67 1719 232 1763 cultello
254 1721 444 1777 proprios
468 1728 720 1778 purgantem
742 1722 891 1764 leniter
913 1736 1090 1778 ungues.

66 1781 277 1834 Demetri,
301 1798 406 1839 puer
428 1784 497 1826 hio
520 1799 606 1827 non
628 1784 746 1827 laeve
770 1785 886 1827 iussa
909 1784 1093 1840 Philippi

68 1844 316 1902 accipiebat,
342 1845 429 1898 abi3
454 1861 609 1902 quaere
634 1854 675 1889 et
697 1847 825 1898 refer,
850 1847 960 1889 unde
985 1847 1128 1897 domo,
1155 1847 1262 1901 quis,

69 1908 187 1951 cuius
211 1908 420 1960 fortunae,
446 1925 530 1964 quo
555 1910 608 1952 sit
631 1917 749 1966 patre
774 1925 910 1965 quove
933 1917 1120 1966 patrono.

18 2011 23 2029 ζ
68 1971 119 2022 it,
142 1971 249 2013 redit
272 1979 314 2014 et
337 1979 494 2024 narrat,
520 1971 735 2015 Vulteium
759 1973 927 2015 nomine
951 1972 1137 2023 Menam,

14 2088 17 2089 ⁷
69 2049 334 2091 praeconem,
360 2037 475 2077 tenui
498 2050 646 2087 censu,
673 2037 763 2078 sine
787 2036 976 2087 crimine,
1002 2043 1148 2078 notum

71 2103 112 2140 et
134 2112 355 2154 properare
378 2099 471 2141 loco
497 2106 538 2141 et
562 2115 745 2151 cessare,
771 2106 812 2142 et
835 2115 1034 2155 quaerere
1059 2107 1100 2142 et
1122 2098 1196 2150 uti,

71 2161 323 2218 gaudentem
345 2162 569 2218 parvisque
594 2163 806 2205 sodalibus
832 2170 873 2206 et
895 2163 981 2206 lare
1006 2170 1118 2206 certo

72 2230 114 2266 et
135 2223 246 2266 ludis
271 2231 312 2267 et
334 2232 431 2281 post
455 2225 596 2268 decisa
619 2227 788 2284 negotia
812 2242 973 2283 campo.

74 2286 213 2329 scitari
234 2286 338 2329 libet
361 2302 413 2330 ex
436 2288 528 2344 ipso
553 2290 843 2346 quodcumque
868 2290 1017 2341 refers3
1044 2290 1111 2332 dic

14 2395 20 2399 ,
73 2349 128 2420 ad
151 2363 322 2420 coenam
346 2351 498 2394 veniat.
529 2367 612 2395 non
636 2368 736 2396 sane
762 2354 929 2396 credere
953 2353 1083 2395 Mena
1091 2369 1102 2404 3

7 2439 23 2474 3
73 2427 213 2454 mirari
237 2426 379 2455 secum
402 2415 563 2458 tacitus.
594 2416 694 2471 quid
717 2416 871 2459 multa?
894 2416 1087 2473 benigne,

5 2504 7 2506 ψ
74 2474 308 2530 respondet.
334 2501 389 2507 —
413 2485 538 2534 neget
560 2479 629 2521 ille
653 2479 779 2521 mihi?
803 2505 858 2510 --
882 2487 1008 2536 negat
1031 2477 1264 2535 improbus,
1290 2485 1329 2520 et
1355 2484 1395 2520 te

6 2369 26 2438 5

0 2477 32 2602 5

0 2618 27 2669 5

0 2605 19 2654 f
75 2600 174 2643 vilia
197 2601 444 2645 vendentem
468 2604 650 2647 tunicato
676 2612 815 2648 scruta
838 2605 1003 2662 popello

75 2537 260 2594 neglegit
284 2545 355 2580 aut
378 2539 527 2583 horret.
553 2568 607 2573 —-
635 2542 846 2585 Vulteium
872 2557 993 2584 mane
1017 2542 1238 2597 Philippus

0 2666 48 2820 Ξ
77 2671 253 2724 occupat
277 2671 318 2707 et
343 2666 502 2709 salvere
525 2667 640 2710 iubet
664 2668 787 2724 prior.
819 2668 887 2710 ifle
912 2667 1108 2723 Philippo

1341 146 1423 191 189

1451 400 1495 432 80

1455 719 1498 751 35

1457 1036 1500 1068 40

1459 1351 1500 1384 45

1465 1667 1500 1699 5(

1471 2301 1500 2332 6<
