1500 2820
234 172 314 215 180
660 181 703 224 Q.
721 181 935 218 HORATH
951 181 1134 221 FLAGCI

230 299 358 340 aeque
381 284 613 340 neglectum
635 285 771 340 pueris
796 284 1043 340 senibusque
1065 286 1239 329 nocebit.

228 353 371 398 restat,
395 353 440 387 ut
462 347 526 388 his
551 361 628 402 ego
651 361 717 388 me
740 347 827 402 ipse
850 362 991 403 regam
1015 347 1200 402 solerque
1223 349 1440 394 elementis.

228 423 311 451 non
332 409 466 464 possis
491 408 608 450 oculo
631 415 827 462 quantum
851 410 1092 452 contendere
1115 411 1322 466 Lynceus,

228 486 311 512 non
335 477 472 512 tamen
493 470 644 512 idcirco
669 477 902 513 contemnas
926 471 1062 526 lippus
1085 471 1247 528 inungi3

163 545 206 577 30
227 547 321 582 nec,
347 532 442 586 quia
465 531 655 586 desperes
678 531 818 573 invicti
840 533 1023 574 membra
1047 531 1257 589 Glyconis,

227 594 385 636 nodosa
409 607 554 648 corpus
579 593 683 635 nolis
707 594 921 648 prohibere
946 594 1153 651 cheragra.

229 662 291 698 est
314 655 489 709 quadam
512 655 672 710 prodire
697 662 832 706 tenus,
859 656 894 698 si
916 671 999 698 non
1022 657 1141 698 datur
1162 657 1279 699 ultra.

227 718 358 759 fervet
380 717 548 759 avaritia
570 717 799 772 miseroque
823 718 1009 773 cupidine
1032 724 1192 773 pectus:

227 785 323 821 sunt
345 778 471 820 verba
494 785 534 819 et
557 793 697 829 voces,
722 779 870 833 quibus
894 780 1003 822 hunc
1026 780 1151 822 lenire
1175 780 1355 823 dolorem

162 855 203 886 35
227 841 360 896 possis
386 847 426 882 et
448 855 640 895 magnam
664 841 796 883 morbi
820 842 1021 896 deponere
1044 850 1214 897 partem.

226 902 359 944 laudis
383 915 519 943 amore
543 907 695 943 tumes:
721 908 816 943 sunt
839 909 948 944 certa
969 903 1147 958 piacula,
1174 918 1278 958 quae
1302 910 1341 946 te

227 970 287 1005 ter
309 978 409 1018 pure
433 962 537 1004 lecto
561 969 749 1018 poterunt
771 978 952 1006 recreare
975 963 1124 1006 libello.

227 1024 408 1075 invidus,
433 1025 672 1076 iracundus,
697 1025 824 1075 iners,
849 1026 1037 1076 vinosus,
1062 1032 1229 1078 amator,

227 1103 347 1130 nemo
371 1088 472 1130 adeo
497 1088 608 1130 ferus
633 1095 712 1138 est,
738 1095 783 1130 ut
805 1103 887 1130 non
910 1089 1120 1131 mitescere
1144 1089 1285 1144 possit,

159 1163 203 1194 40
229 1150 263 1192 si
286 1150 407 1192 modo
432 1150 612 1192 culturae
634 1150 855 1205 patientem
879 1151 1108 1192 commodet
1130 1166 1280 1193 aurem.

226 1212 353 1253 virtus
379 1218 441 1253 est
464 1212 607 1253 vitium
630 1212 793 1267 fugere,
819 1218 859 1254 et
883 1212 1080 1268 sapientia
1102 1213 1233 1268 prima

227 1273 396 1316 stultitia
420 1274 610 1315 caruisse.
641 1274 775 1324 vides,
801 1288 905 1328 quae
928 1275 1107 1316 maxima
1130 1275 1260 1316 credis

227 1350 317 1378 esse
341 1336 466 1386 mala,
493 1337 687 1392 exiguum
712 1351 882 1378 censum
905 1342 1146 1392 turpemque
1168 1337 1385 1393 repulsam,

226 1404 378 1452 quanto
403 1398 558 1440 devites
584 1398 709 1440 animi
732 1399 957 1455 capitisque
981 1398 1138 1440 labore:

159 1472 202 1504 45
225 1460 399 1516 impiger
422 1467 623 1502 extremos
649 1461 775 1502 curris
799 1467 999 1502 mercator
1021 1461 1074 1502 ad
1096 1461 1222 1502 Indos

225 1538 299 1578 per
321 1538 431 1565 mare
454 1524 691 1578 pauperiem
714 1523 896 1579 fugiens,
921 1537 995 1579 per
1018 1538 1135 1572 saxa,
1159 1537 1232 1578 per
1254 1523 1389 1578 ignes:

225 1599 277 1626 ne
302 1599 417 1627 cures
442 1600 507 1635 ea,
533 1599 637 1638 quae
662 1585 782 1627 stulte
806 1585 963 1626 miraris
988 1590 1028 1626 et
1051 1591 1181 1640 optas,

226 1647 382 1689 discere
406 1653 446 1688 et
470 1647 608 1688 audire
633 1654 672 1688 et
695 1647 851 1688 meliori
875 1647 1038 1689 credere
1061 1662 1143 1688 non
1166 1646 1254 1688 vis?

226 1709 317 1763 quis
343 1709 493 1750 circum
517 1722 646 1764 pagos
672 1714 711 1749 et
736 1708 887 1749 circum
912 1709 1089 1764 compita
1110 1723 1279 1764 pugnax

161 1782 203 1813 50
227 1785 377 1826 magna
401 1771 583 1811 coronari
607 1776 838 1812 contemnat
863 1769 1075 1826 Olympia,
1101 1771 1166 1812 cui
1191 1785 1298 1825 spes,

227 1833 293 1873 cui
317 1833 367 1873 sit
391 1832 566 1874 conditio
591 1832 721 1873 dulcis
747 1833 833 1874 sine
856 1832 1022 1887 pulvere
1045 1831 1230 1888 palmae?

226 1894 347 1935 vilius
372 1899 585 1950 argentum
610 1900 672 1936 est
695 1909 811 1944 auro,
836 1894 1052 1936 virtutibus
1077 1909 1232 1936 aurum.

228 1970 278 2006 „o
303 1955 431 2006 cives,
457 1956 585 2006 cives,
611 1956 843 2010 quaerenda
866 1956 1038 2010 pecunia
1061 1955 1237 2010 primum
1261 1960 1335 2005 est,

226 2017 353 2058 virtus
376 2023 470 2072 post
493 2019 679 2059 numos.“
710 2017 811 2058 haec
834 2017 959 2058 Ianus
985 2031 1168 2058 summus
1192 2015 1244 2058 ab
1267 2016 1349 2057 imo

160 2092 202 2123 55
225 2079 435 2133 prodocet3
460 2078 561 2120 haec
584 2079 769 2120 recinunt
791 2079 960 2120 iuvenes
985 2079 1135 2120 dictata
1159 2091 1358 2132 senesque

228 2139 363 2196 [laevo
387 2141 576 2196 suspensi
598 2141 757 2182 loculos
783 2140 1046 2194 tabulamque
1069 2137 1253 2195 lacerta]

227 2208 289 2244 est
313 2203 471 2244 animus
496 2202 586 2252 tibi,
613 2209 708 2244 sunt
731 2217 882 2253 mores,
909 2210 971 2244 est
993 2203 1136 2258 lingua
1157 2202 1359 2256 fidesque=

228 2265 301 2306 sed
324 2265 629 2321 quadringentis
655 2280 727 2306 sex
752 2271 908 2320 septem
931 2265 1058 2306 millia
1081 2265 1245 2314 desunt;

226 2325 342 2380 plebs
367 2326 457 2368 eris.
489 2333 530 2368 at
552 2327 668 2382 pueri
690 2327 894 2376 ludentes,
922 2341 1020 2377 „rex
1044 2326 1169 2376 eris,“
1195 2325 1320 2375 aiunt,

161 2400 203 2431 60
229 2388 291 2439 „si
313 2394 421 2430 recte
443 2388 611 2430 facies.“
641 2389 708 2430 hic
730 2403 871 2430 murus
896 2402 1046 2429 aeneus
1071 2393 1171 2438 esto,

226 2449 283 2490 nil
307 2451 487 2492 conscire
512 2450 607 2500 sibi,
632 2450 744 2491 nulla
766 2450 987 2504 pallescere
1011 2449 1143 2505 culpa.

226 2510 395 2561 Roscia,
421 2512 486 2553 dic
511 2512 649 2561 sodes,
674 2511 816 2553 melior
838 2511 923 2561 lex,
949 2526 1001 2552 an
1023 2525 1241 2566 puerorum
1265 2515 1327 2552 est

227 2573 389 2623 naenia,
415 2587 519 2628 quae
541 2589 715 2629 regnum
736 2579 844 2615 recte
867 2572 1108 2614 facientibus
1134 2572 1263 2622 offert,

229 2640 269 2676 et
292 2634 471 2677 maribus
499 2634 635 2677 Curiis
661 2641 700 2676 et
725 2635 937 2677 decantata
961 2633 1171 2676 Camillis?
