1546 2820
150 645 190 676 m

151 987 191 1018 ὦ

149 1329 188 1359 w

151 2523 191 2553 m

214 175 271 218 22
650 185 692 226 Q.
711 184 924 220 HORATII
942 183 1120 221 FLACCI

409 288 504 330 vino
528 293 568 329 et
590 286 764 329 lucernis
788 287 939 329 Medus
965 288 1149 329 acinaces

409 349 585 391 immane
609 354 806 403 quantum
828 350 1047 405 discrepat:
1073 349 1243 405 impium

463 411 584 452 lenite
609 411 843 460 clamorem,
869 411 1042 461 sodales,

519 480 559 516 et
582 473 717 515 cubito
739 480 943 515 remanete
967 472 1126 528 presso!

410 570 530 611 vultis
556 570 686 611 severi
710 584 774 611 me
798 584 959 624 quoque
984 583 1143 611 sumere

408 638 564 686 partem
588 631 775 672 Falerni?
798 631 906 672 dicat
931 629 1138 686 Opuntiae

463 693 587 734 frater
609 692 821 748 Megillae,
847 707 927 747 quo
950 692 1094 734 beatus

518 755 702 804 vulnere,
728 768 809 808 qua
830 760 970 809 pereat
994 754 1152 810 sagitta.

409 855 542 891 cessat
564 849 778 891 voluntas?
800 864 883 891 non
907 849 985 890 alia
1007 849 1145 891 bibam

407 911 604 953 mercede.
630 925 734 965 quae
758 919 797 952 te
821 925 994 965 cumque
1019 911 1156 953 domat
1180 910 1322 953 Venus

463 989 546 1016 non
569 973 856 1015 erubescendis
881 974 1014 1014 adurit

517 1035 700 1091 ignibus,
725 1035 984 1090 ingenuoque
1009 1049 1168 1090 semper

409 1145 544 1173 amore
568 1145 727 1186 peccas.
753 1131 952 1185 quidquid
975 1130 1122 1181 habes,
1147 1145 1237 1186 age,

408 1193 566 1248 depone
589 1193 686 1234 tutis
711 1193 890 1235 auribus.
916 1218 970 1223 —
993 1193 1047 1234 ha
1069 1192 1204 1243 miser,

463 1261 615 1308 quanta
636 1253 851 1296 laborabas
878 1253 1099 1309 Charybdi,

520 1317 643 1372 digne
665 1331 767 1371 puer
790 1317 954 1358 meliore
979 1315 1160 1357 flamma!

408 1426 513 1466 quae
537 1427 655 1468 saga,
680 1412 772 1466 quis
798 1418 836 1453 te
862 1412 1018 1454 solvere
1043 1411 1254 1453 Thessalis

406 1489 552 1530 magus
575 1474 761 1523 venenis,
787 1474 878 1527 quis
902 1473 1049 1529 poterit
1072 1472 1199 1514 deus?

461 1536 531 1576 vix
553 1535 752 1591 illigatum
776 1542 815 1577 te
840 1535 1011 1577 triformi

518 1597 704 1652 Pegasus
730 1597 918 1652 expediet
942 1596 1174 1639 Chimaera.

638 1767 893 1806 CARMEN
921 1767 1127 1806 XXVIII.

721 1868 1046 1899 ARCHYTAS.

269 1956 331 1998 Te
354 1956 478 1998 maris
503 1962 543 1997 et
566 1962 695 1998 terrae
718 1970 967 2010 numeroque
992 1955 1163 1996 carentis
1188 1969 1332 1997 arenae

323 2032 553 2060 mensorem
578 2017 785 2068 cohibent,
810 2016 1008 2073 Archyta,

267 2079 446 2134 pulveris
471 2080 608 2135 exigui
631 2093 758 2134 prope
780 2079 876 2121 litus
900 2094 1027 2134 parva
1050 2078 1254 2119 Matinum

324 2155 510 2190 munera,
535 2155 611 2182 nec
634 2141 858 2194 quidquam
881 2140 955 2182 tibi
977 2140 1143 2195 prodest

269 2202 397 2244 aerias
422 2208 600 2244 tentasse
625 2203 767 2243 domos
792 2202 1008 2255 animoque
1032 2201 1248 2242 rotundum

323 2263 570 2319 percurrisse
594 2263 751 2318 polum,
777 2262 989 2304 morituro!

270 2325 416 2367 occidit
439 2331 479 2366 et
502 2325 666 2380 Pelopis
690 2324 866 2381 genitor,
892 2324 1063 2365 conviva
1085 2323 1264 2371 deorum,

325 2386 608 2440 Tithonusque
631 2391 810 2427 remotus
835 2386 877 2426 in
901 2400 1020 2426 auras

270 2454 310 2490 et
331 2448 443 2489 Iovis
467 2448 624 2489 arcanis
648 2447 788 2488 Minos
813 2446 1035 2495 admissus,
1060 2444 1291 2498 habentque

324 2509 496 2550 Tartara
519 2508 776 2550 Panthoiden
798 2508 944 2548 iterum
970 2505 1082 2549 Oreo

272 2571 510 2621 demissum,
535 2571 740 2625 quamvis,
767 2570 908 2625 clypeo
933 2569 1110 2610 Troiana
1133 2567 1259 2609 refixo

327 2640 508 2689 tempora
531 2639 719 2682 testatus,
745 2631 843 2673 nihil
867 2631 972 2672 ultra
