1500 2820
150 497 192 530 85

150 807 192 839 90

149 1116 190 1146 95

130 1425 191 1456 100

129 1734 191 1764 105

220 187 305 231 204
646 195 688 238 Q.
707 195 919 232 HORATII
940 195 1118 233 FLACCJ

218 300 339 342 dente
362 299 575 342 Theonino
600 313 726 352 quum
749 299 1074 351 circumroditur,
1099 300 1246 356 ecquid

219 363 271 404 ad
294 368 333 404 te
356 368 450 417 post
471 362 608 417 paullo
631 367 802 404 ventura
824 362 1004 418 pericula
1028 363 1179 404 sentis?

217 439 313 466 nam
337 430 406 465 tua
427 438 493 466 res
518 424 668 480 agitur,
692 424 825 480 paries
850 438 977 479 quum
999 425 1209 480 proximus
1233 425 1357 476 ardet,

218 491 257 527 et
280 485 466 541 neglecta
491 485 622 527 solent
644 485 831 527 incendia
855 500 1016 527 sumere
1039 486 1158 528 vires.

272 547 401 588 dulcis
425 546 645 602 inexpertis
671 547 830 588 cultura
851 547 1029 602 potentis
1055 547 1193 598 amici3

216 614 406 663 expertus
430 608 590 649 metuit:
615 614 677 657 tu,
703 608 800 649 dum
825 614 895 649 tua
917 608 1034 650 navis
1057 608 1101 650 in
1123 609 1205 651 alto
1229 615 1303 660 est,

216 670 293 711 hoc
316 684 411 725 age,
436 684 488 711 ne
512 675 667 710 mutata
690 675 910 711 retrorsum
935 676 975 711 te
998 670 1103 711 ferat
1125 684 1236 712 aura.

271 732 443 773 oderunt
466 731 635 772 hilarem
659 732 792 773 tristes
818 732 1054 786 tristemque
1078 732 1218 783 iocosi,

217 793 403 835 sedatum
428 793 597 843 celeres,
623 793 772 849 agilem
796 808 1057 849 gnavumque
1080 794 1258 846 remissi3

214 861 396 911 potores,
421 854 551 896 bibuli
574 855 708 896 media
732 855 782 896 de
805 861 942 905 nocte,
966 855 1131 897 Falerni

216 918 387 959 oderunt
410 923 594 973 porrecta
617 923 835 973 negantem
858 917 1020 973 pocula,
1046 918 1231 972 quamvis

215 986 433 1021 nocturnos
457 980 566 1021 iures
591 986 630 1021 te
654 979 873 1021 formidare
898 986 1069 1035 tepores.

216 1042 332 1083 deme
358 1041 574 1097 supercilio
599 1041 750 1083 nubem
758 1058 769 1092 3
793 1042 1032 1096 plerumque
1055 1043 1265 1086 modestus

215 1110 387 1158 occupat
411 1103 574 1145 obscuri
598 1103 794 1158 speciem,
820 1104 1042 1147 taciturnus
1067 1105 1214 1147 acerbi.

271 1166 375 1207 inter
399 1172 545 1207 cuncta
568 1165 681 1221 leges
707 1172 746 1207 et
769 1166 1058 1221 percontabere
1083 1167 1236 1217 doctos,

214 1242 296 1281 qua
318 1228 474 1269 ratione
498 1242 624 1282 queas
649 1228 859 1269 traducere
882 1228 1026 1270 leniter
1049 1243 1215 1279 aevum3

215 1304 313 1330 num
337 1295 377 1330 te
402 1304 561 1344 semper
583 1290 701 1344 inops
726 1290 852 1345 agitet
875 1295 1075 1344 vexetque
1099 1290 1259 1346 cupido,

215 1366 314 1392 num
336 1365 464 1406 pavor
488 1357 528 1392 et
550 1366 685 1392 rerum
708 1351 964 1393 mediocriter
986 1352 1145 1393 utilium
1170 1366 1282 1408 spes3

215 1414 406 1454 virtutem
431 1413 613 1454 doctrina
638 1418 753 1468 paret
776 1419 971 1454 naturane
996 1414 1137 1463 donet3

215 1475 314 1528 quid
337 1475 493 1516 minuat
516 1489 653 1524 curas,
679 1475 778 1528 quid
801 1481 840 1515 te
864 1474 938 1517 tibi
960 1475 1103 1516 reddat
1126 1475 1319 1526 amicum3

215 1536 314 1589 quid
336 1551 436 1590 pure
461 1536 708 1589 tranquillet,
735 1536 882 1586 honos,
908 1551 962 1576 an
985 1536 1103 1577 dulce
1126 1536 1330 1586 lucellum,

216 1613 268 1638 an
293 1604 493 1639 secretum
515 1598 591 1639 iter
615 1603 654 1639 et
678 1598 853 1639 fallentis
879 1598 1023 1639 semita
1046 1598 1164 1639 vitae.

271 1674 337 1700 me
361 1660 519 1712 quoties
543 1658 673 1700 reficit
696 1659 855 1714 gelidus
879 1659 1078 1715 Digentia
1099 1660 1225 1710 rivus,

216 1735 338 1774 quem
362 1719 558 1762 Mandela
580 1720 700 1770 bibit,
726 1735 903 1776 rugosus
927 1721 1077 1776 frigore
1101 1735 1247 1777 pagus,

145 1837 151 1845 .
215 1783 313 1836 quid
339 1783 486 1823 sentire
509 1788 647 1836 putas,
673 1782 772 1835 quid
797 1782 927 1823 credis
953 1782 1080 1823 amice
1104 1783 1284 1837 precari?

130 2042 192 2072 110

217 1844 268 1885 sit
291 1844 390 1884 mihi
414 1844 525 1898 quod
547 1858 657 1884 nunc
680 1849 760 1893 est,
787 1844 908 1884 etiam
931 1844 1084 1894 minus,
1111 1850 1151 1885 et
1173 1844 1273 1885 mihi
1296 1844 1432 1885 vivam

216 1906 325 1959 quod
349 1911 536 1960 superest
560 1905 668 1954 aevi,
695 1905 730 1946 si
753 1905 851 1958 quid
876 1920 1090 1960 superesse
1112 1905 1255 1947 volunt
1277 1905 1331 1946 di.

217 1967 269 2008 sit
291 1966 399 2008 bona
422 1966 618 2009 librorum
642 1972 682 2007 et
705 1967 891 2021 provisae
915 1967 1046 2022 frugis
1069 1967 1112 2007 in
1136 1981 1288 2008 annum

217 2029 351 2083 copia,
375 2043 427 2069 ne
451 2028 605 2069 fluitem
629 2027 778 2069 dubiae
802 2043 874 2083 spe
898 2029 1099 2083 pendulus
1123 2028 1259 2070 horae.

217 2090 290 2131 sed
315 2090 412 2131 satis
437 2095 499 2131 est
522 2104 636 2131 orare
660 2089 802 2131 Iovem
826 2105 930 2143 quae
955 2090 1080 2131 donat
1103 2095 1143 2131 et
1165 2089 1296 2131 aufert
1304 2105 1316 2139 ;

217 2152 284 2192 det
307 2151 449 2201 vitam,
476 2151 544 2192 det
568 2165 685 2206 opes,
711 2165 887 2206 aequum
911 2151 966 2192 mi
991 2151 1171 2192 animum
1193 2151 1281 2206 ipse
1303 2149 1469 2206 parabo.

650 2282 972 2321 EPISTOLA
999 2283 1122 2321 XIX.

596 2378 673 2408 AD
716 2377 1180 2409 MAECENATEM.

217 2459 359 2502 Prisco
385 2460 419 2501 si
443 2460 592 2510 credis,
617 2459 838 2500 Maecenas
863 2460 999 2508 docte,
1028 2458 1207 2508 Cratino,

215 2522 327 2563 nulla
349 2521 507 2577 placere
532 2522 601 2562 diu
625 2536 700 2562 nec
724 2521 860 2562 vivere
885 2521 1064 2562 carmina
1085 2525 1270 2575 possunt,

217 2597 321 2637 quae
346 2583 577 2624 scribuntur
600 2597 729 2636 aquae
752 2582 975 2637 potoribus.
1006 2589 1052 2623 ut
1074 2581 1179 2623 male
1204 2595 1325 2622 sanos

218 2644 433 2699 adscripsit
455 2644 585 2685 Liber
611 2642 767 2699 Satyris
792 2644 1025 2699 Faunisque
1047 2649 1202 2700 poetas,
