1500 2820
270 186 350 229 106

202 312 243 344 65

202 621 242 651 70

205 1483 246 1514 10

201 1792 241 1822 15

199 2099 241 2130 20

703 194 746 236 Q.
764 192 975 230 HORATH
990 191 1171 230 FLAOCI

377 298 614 354 positosque
637 311 802 347 vernas,
826 296 920 338 ditis
945 310 1117 338 examen
1139 296 1298 348 domus,

434 360 586 401 circum
607 358 835 400 renidentes
858 356 982 399 lares!

378 421 479 463 haec
502 420 573 462 ubi
595 420 754 462 locutus
777 419 980 461 fenerator
1001 417 1151 470 Alfius,

431 483 514 524 iam
536 483 619 523 iam
642 481 804 523 futurus
827 480 1017 530 rusticus,

378 559 539 588 omnem
562 544 720 599 redegit
742 543 885 585 Idibus
908 543 1142 598 pecuniam3

433 606 590 661 quaerit
615 605 808 648 Calendis
831 619 995 660 ponere.

751 741 1008 782 OARMEN
1036 742 1118 780 HI.

671 836 744 868 AD
780 835 1192 868 MAECENATEM.

376 914 563 956 Parentis
588 913 684 956 olim
709 913 744 955 si
767 912 858 967 quis
881 912 1007 968 impia
1028 928 1152 954 manu

433 976 558 1018 senile
582 981 722 1031 guttur
744 974 923 1031 fregerit,

376 1038 459 1080 edit
482 1037 623 1079 cicutis
648 1036 786 1078 allium
809 1036 1034 1078 nocentius.

432 1114 456 1141 o
480 1099 582 1140 dura
604 1113 832 1140 messorum
854 1097 942 1139 ilia1

375 1161 474 1215 quid
496 1161 574 1202 hoc
597 1160 743 1202 veneni
767 1159 896 1202 saevit
917 1160 961 1201 in
982 1160 1253 1215 praecordiis?

431 1238 530 1264 num
554 1222 760 1277 viperinus
784 1221 848 1263 his
873 1236 992 1263 cruor

375 1285 558 1326 incoctus
582 1283 719 1326 herbis
743 1297 809 1325 me
832 1283 1001 1325 fefellit?
1023 1298 1077 1325 an
1098 1282 1227 1325 malas

434 1345 608 1388 Canidia
631 1345 818 1387 tractavit
840 1345 992 1400 dapes?

375 1414 421 1449 ut
444 1407 708 1463 Argonautas
732 1412 892 1462 praeter
914 1421 1055 1449 omnes
1080 1406 1296 1449 candidum

436 1469 589 1511 Medea
611 1470 757 1511 mirata
779 1475 842 1510 est
865 1469 1023 1518 ducem,

375 1532 515 1587 ignota
538 1531 642 1572 tauri
665 1531 913 1586 illigaturum
935 1530 1045 1586 iuga,

430 1593 620 1648 perunxit
642 1593 721 1634 hoc
743 1593 953 1635 Iasonem:

374 1654 454 1696 hoc
477 1654 666 1696 delibutis
690 1654 776 1696 ulta
799 1654 915 1697 donis
938 1654 1125 1710 pellicem

432 1722 618 1771 serpente
641 1716 749 1772 fugit
772 1716 878 1758 alite.

376 1793 452 1820 nec
476 1783 612 1820 tantus
636 1792 818 1832 unquam
843 1778 1020 1820 siderum
1043 1778 1191 1821 insedit
1214 1794 1341 1835 vapor

434 1839 665 1882 siticulosae
688 1839 885 1895 Apuliae3

377 1916 453 1943 nec
476 1917 624 1943 munus
648 1901 827 1944 humeris
852 1901 1030 1944 efficacis
1053 1901 1246 1944 Herculis

430 1963 573 2005 inarsit
596 1963 835 2005 aestuosius.

376 2031 418 2067 at
443 2026 478 2066 si
501 2025 599 2079 quid
623 2039 803 2079 unquam
826 2025 906 2067 tale
930 2025 1222 2080 concupiveris,

431 2087 567 2128 iocose
591 2086 830 2137 Maecenas,
854 2101 998 2142 precor

376 2163 541 2190 manum
564 2148 700 2203 puella
724 2148 837 2190 savio
861 2153 1039 2204 opponat
1061 2153 1144 2199 tuo,

432 2217 613 2252 extrema
636 2217 676 2252 et
698 2211 740 2251 in
764 2211 920 2266 sponda
943 2209 1076 2253 cubet.

755 2347 1010 2387 CARMEN
1037 2348 1115 2387 IV.

779 2441 835 2472 IN
870 2442 1086 2473 MENAM.

374 2517 508 2573 Lupis
533 2523 573 2558 et
596 2517 711 2573 agnis
735 2523 886 2571 quanta
910 2518 1048 2560 sortito
1072 2517 1216 2574 obtigit

431 2585 565 2620 tecum
589 2579 688 2620 mihi
711 2579 912 2620 discordia
935 2585 1009 2629 est,

376 2640 545 2683 Iben'cis
569 2647 731 2696 peruste
755 2640 921 2682 funibus
945 2641 1051 2683 latus

1466 2687 1491 2820 Qum.
1480 2638 1482 2658 «Α
