1500 2820
161 404 204 435 20

162 712 204 743 25

162 1019 204 1051 30

164 1329 205 1360 35

164 1638 207 1669 40

165 1947 208 1977 45

170 2254 212 2285 50

170 2563 211 2593 55

229 156 308 199 108

1030 0 1241 40 ww

656 162 699 204 Q.
717 159 929 199 HOR-ATII
943 158 1125 197 FLACCI

394 265 507 309 iubet
530 277 746 321 cupressus
770 264 961 308 funebres

340 334 380 371 et
401 333 525 370 uncta
546 327 675 383 turpis
699 342 777 369 ova
798 342 919 369 ranae
945 327 1143 383 sanguine

393 390 656 445 plumamque
679 394 900 431 nocturnae
924 389 1060 445 strigis

337 452 583 506 herbasque,
607 465 709 506 quas
732 451 866 493 Iolcos
891 457 1011 505 atque
1034 450 1169 492 Iberia

393 514 515 555 mittit
537 527 784 554 venenorum
808 512 934 563 ferali,

339 582 379 618 et
402 590 497 617 ossa
520 574 570 617 ab
596 589 663 616 ore
686 581 801 630 rapta
823 575 982 616 ieiunae
1006 575 1117 616 canis

394 636 567 678 flammis
593 636 707 677 aduri
733 635 950 678 Colchicis.

339 706 380 740 at
404 698 594 753 expedita
619 696 784 753 Sagana
806 712 879 753 per
901 703 1028 740 totam
1051 698 1218 740 domum

395 774 591 815 spargens
615 758 843 801 Avernales
868 773 995 814 aquas

338 822 475 864 horret
498 821 653 876 capillis
678 830 723 862 ut
745 821 924 862 marinus
950 821 1105 877 asperis

395 883 562 925 echinus
587 888 657 924 aut
680 897 844 924 currens
869 897 977 937 aper.

340 945 485 987 abacta
507 945 619 986 nulla
642 943 747 986 Veia
771 944 1018 986 conscientia

393 1006 598 1062 ligonibus
623 1006 734 1047 duris
759 1006 930 1047 humum

340 1067 604 1110 exhauriebat
626 1068 837 1123 ingemens
862 1066 1081 1118 laboribus,

394 1146 474 1185 quo
497 1136 638 1185 posset
659 1129 841 1171 infossus
865 1144 966 1185 puer

339 1193 463 1248 longo
488 1193 552 1234 die
576 1192 640 1234 bis
665 1198 805 1246 terque
828 1197 1006 1234 mutatae
1030 1191 1146 1247 dapis

395 1253 565 1295 inemori
589 1253 832 1308 spectaculo,

342 1330 434 1357 cum
457 1315 702 1370 promineret
725 1329 811 1364 ore,
836 1320 1032 1368 quantum
1057 1319 1218 1356 exstant
1241 1329 1347 1370 aqua

397 1391 597 1432 suspensa
619 1382 755 1418 mento
779 1391 965 1431 corporat

342 1443 486 1480 exusta
510 1438 570 1479 uti
592 1438 770 1479 medulla
795 1444 834 1479 et
857 1437 1014 1479 aridum
1037 1437 1148 1479 iecur

397 1501 544 1542 amoris
570 1507 677 1542 esset
699 1500 903 1555 poculum,

342 1563 597 1604 interminato
621 1577 715 1604 cum
740 1562 866 1604 semel
888 1562 994 1604 fixae
1019 1562 1109 1604 cibo

395 1623 665 1666 intabuissent
686 1624 876 1679 pupulae.

341 1701 423 1728 non
446 1685 626 1727 defuisse
649 1686 854 1726 masculae
878 1685 1054 1728 libidinis

397 1747 703 1788 Ariminensem
724 1746 884 1788 Foliam

343 1815 383 1850 et
406 1808 537 1850 otiosa
560 1808 730 1850 credidit
752 1808 943 1864 Neapolis

398 1876 438 1911 et
461 1884 579 1912 omne
603 1870 780 1911 vicinum
805 1870 1010 1925 oppidum,

343 1946 448 1986 quae
473 1932 606 1974 sidera
629 1938 842 1973 excantata
864 1946 964 1973 voce
989 1930 1189 1973 Thessala

397 1994 616 2047 lunamque
641 1993 752 2035 caelo
776 1994 933 2049 deripit.

343 2055 409 2096 hio
431 2056 667 2096 irresectum
693 2069 815 2096 saeva
838 2055 959 2096 dente
982 2054 1106 2096 livido

402 2115 576 2157 Canidia
598 2116 746 2157 rodens
770 2116 958 2171 pollicem

343 2178 441 2232 quid
464 2178 565 2218 dixit
589 2184 659 2218 aut
681 2178 779 2231 quid
803 2178 951 2219 tacuit?
977 2193 1027 2229 „o
1049 2177 1171 2219 rebus
1195 2177 1296 2219 meis

402 2255 483 2281 non
506 2239 690 2280 infideles
715 2239 900 2289 arbitrae,

343 2300 454 2350 Nox,
480 2306 520 2341 et
542 2300 698 2350 Diana,
725 2315 829 2354 quae
854 2300 1058 2342 silentium
1082 2300 1203 2356 regis,

399 2377 547 2404 arcana
570 2377 664 2404 cum
687 2359 789 2403 fiunt
813 2377 939 2412 sacra,

344 2440 452 2467 nunc
474 2439 582 2467 nunc
605 2424 762 2467 adeste!
792 2439 900 2466 nunc
923 2425 966 2465 in
988 2424 1156 2466 hostiles
1180 2423 1320 2465 domos

399 2487 501 2528 iram
525 2493 646 2540 atque
669 2500 821 2528 numen
843 2486 1005 2528 vertite!

345 2548 616 2590 formidolosis
641 2548 739 2589 dum
761 2548 886 2589 latent
910 2547 1022 2589 silvis
1047 2547 1156 2589 ferae

402 2609 509 2651 dulei
534 2624 677 2665 sopore
700 2609 928 2665 languidae,
