1500 2820
203 194 285 238 116

131 1127 173 1158 10

131 1439 171 1470 15

128 2430 170 2460 10

634 206 676 250 Q.
690 204 904 242 HORATII
919 205 1100 244 FLAOCI

667 381 924 420 CARMEN
951 381 1072 421 XIV.

604 475 676 507 AD
713 475 1126 508 MAECENATEM.

309 558 449 601 Mollis
474 559 617 600 inertia
640 573 712 600 cur
734 564 888 600 tantam
911 558 1118 600 diffuderit
1140 558 1232 601 imis

364 620 607 662 oblivionem
631 620 831 670 sensibus,

307 682 452 737 pocula
475 682 682 724 Lethaeos
706 688 752 723 ut
775 683 810 724 si
833 682 1022 724 ducentia
1045 697 1209 724 somnos

365 749 502 785 arente
525 743 644 786 fauce
668 744 870 793 traxerim,

308 806 477 847 candide
500 805 740 856 Maecenas,
765 805 916 847 occidis
942 819 1063 861 saepe
1085 807 1286 862 rogando:

363 868 482 917 deus,
509 867 609 908 deus
634 883 728 908 nam
752 882 817 909 me
840 872 951 908 vetat

307 929 490 984 inceptos
515 929 627 979 olim,
652 929 900 984 promissum
925 942 1105 979 carmen,
1129 929 1287 971 iambos

364 991 417 1032 ad
439 990 677 1032 umbilicum
702 990 915 1032 adducere.

307 1067 388 1094 non
411 1052 526 1094 aliter
552 1051 693 1095 Samio
717 1053 856 1094 dicunt
879 1052 1029 1095 arsisse
1052 1052 1244 1108 Bathyllo

363 1113 627 1156 Anacreonta
650 1114 811 1165 Teium,

306 1176 375 1231 qui
398 1191 594 1232 persaepe
618 1191 719 1218 cava
742 1177 944 1218 testudine
968 1177 1080 1218 flevit
1103 1191 1283 1219 amorem

343 1240 443 1280 'non
468 1239 719 1281 elaboratum
742 1240 795 1281 ad
816 1239 976 1295 pedem.

306 1301 434 1343 ureris
459 1301 547 1356 ipse
570 1301 713 1343 miser!
738 1302 885 1356 quodsi
908 1316 990 1343 non
1012 1301 1219 1356 pulchrior
1239 1301 1347 1357 ignis

364 1364 548 1405 accendit
572 1363 784 1405 obsessam
806 1363 924 1412 Ilion,

306 1425 440 1482 gaude
465 1431 572 1467 sorte
595 1431 684 1475 tua>3
708 1440 774 1466 me
796 1424 1002 1475 libertina,
1027 1439 1159 1479 neque
1182 1439 1264 1466 uno

363 1484 569 1538 contenta,
594 1487 761 1543 Phryne
783 1493 973 1528 macerat.

675 1670 932 1710 GARMEN
961 1671 1058 1709 XV.

599 1772 688 1803 AD
737 1771 1129 1803 NEAERAM.

303 1860 397 1902 Nox
421 1866 523 1911 erat,
550 1867 590 1901 et
613 1860 724 1903 caelo
748 1859 932 1916 fulgebat
955 1859 1053 1901 luna
1078 1874 1220 1902 sereno

360 1923 465 1964 inter
487 1922 644 1964 minora
668 1923 813 1972 sidera,

305 1999 398 2026 eum
421 1991 483 2034 tu,
508 1999 749 2041 magnorum
773 1999 924 2026 numen
946 1984 1107 2026 laesura
1130 1983 1311 2033 deorum,

359 2047 402 2087 in
425 2046 550 2088 verba
572 2046 736 2088 iurabas
759 2061 863 2096 mea,

305 2108 453 2150 arctius
478 2114 599 2162 atque
622 2108 773 2150 hedera
795 2123 963 2163 procera
987 2107 1251 2163 adstringitur
1271 2106 1353 2148 ilex

358 2170 478 2211 lentis
503 2170 727 2212 adhaerens
751 2170 946 2212 brachiis:

306 2232 428 2283 „dum
451 2232 590 2287 pecori
611 2232 733 2287 lupus
758 2238 798 2273 et
819 2232 953 2273 nautis
978 2231 1150 2272 infestus
1176 2228 1308 2272 Orion

359 2293 540 2335 turbaret
562 2293 778 2334 hibernum
801 2308 925 2342 marc,

302 2355 566 2408 intonsosque
591 2355 762 2410 agitaret
785 2354 990 2409 Apollinis
1015 2369 1113 2395 aura
1137 2353 1316 2409 capillos,

358 2416 446 2458 fore
469 2417 577 2457 hunc
602 2431 779 2457 amorem
803 2418 1028 2456 mutuum.“

304 2493 328 2520 o
352 2478 527 2520 dolitura
549 2493 641 2519 mea
663 2477 837 2518 multum
859 2477 1007 2518 virtute
1031 2475 1206 2518 Neaeral

357 2555 453 2581 nam
478 2540 511 2581 si
535 2540 634 2594 quid
656 2541 699 2581 in
723 2539 871 2581 Flacco
894 2539 969 2580 viri
995 2545 1067 2588 est,
1302 2586 1305 2589 Δ

302 2616 385 2642 non
408 2601 511 2643 feret
534 2602 720 2644 assiduas
743 2601 892 2656 potiori
914 2606 953 2642 te
978 2601 1074 2642 dare
1098 2606 1250 2650 noctes,

359 2669 399 2704 et
422 2669 588 2719 quaeret
612 2664 736 2705 iratus
760 2678 917 2719 parem:
