1500 2820
443 171 809 212 EPISTOLARUM
832 171 930 208 LIB.
949 168 999 208 11.

29 280 237 361 exprimet
259 289 302 326 et
324 281 470 325 molles
493 279 721 323 imitabitur
744 293 839 321 aere
864 277 1034 334 capillos

30 342 179 396 infelix
202 345 338 403 operis
365 359 545 395 summa,
571 343 667 398 quia
689 357 844 398 ponere
869 347 1001 383 totum

31 410 202 458 nesciet.
233 409 344 451 hunc
368 422 447 465 ego
471 422 556 458 me,
584 406 619 448 si
642 406 743 461 quid
767 417 1015 460 componere
1040 416 1192 452 curem,

33 488 118 521 non
141 471 276 530 magis
302 486 395 514 esse
419 470 563 520 velim,
588 483 713 524 quam
736 483 866 524 pravo
891 467 1031 508 vivere
1055 479 1172 515 naso,

31 535 306 598 spectandmn
330 533 459 591 nigris
484 532 614 576 oculis
638 532 839 588 nigroque
864 530 1025 586 capillo.

36 635 42 653 ι
92 599 241 642 sumite
266 598 480 640 materiam
504 596 673 646 vestris,
698 595 769 650 qui
795 594 993 644 scribitis,
1019 607 1196 647 aequam

35 661 211 713 viribus,
238 668 279 703 et
302 667 465 703 versate
490 660 580 709 diu,
606 659 706 730 quid
730 658 837 700 ferre
861 663 1065 707 recusent,

24 725 136 784 zquid
158 724 325 767 valeant
348 723 527 765 humeri:
554 722 620 764 cui
643 722 750 764 lecta
773 728 962 777 potenter
985 720 1061 762 erit
1085 734 1163 769 reS,

35 801 113 832 nec
136 787 332 830 facundia
357 787 519 828 deseret
542 785 653 827 hunc
676 799 754 826 nec
777 784 939 826 lucidus
967 783 1078 825 ordo.

25 851 191 895 ‹ordinis
215 850 319 892 haec
343 850 473 891 virtus
500 849 575 891 erit
599 854 640 890 et
664 863 814 897 venus,
841 854 912 888 aut
937 861 1014 903 ego
1041 845 1173 896 fallor,

38 920 84 957 ut
106 914 189 956 iam
212 928 323 955 nunc
347 913 458 955 dicat
480 912 564 954 iam
588 926 699 953 nunc
723 910 917 953 debentia
941 909 1040 960 dici3

37 977 234 1035 pleraque
258 975 423 1018 differat
447 981 488 1018 et
510 989 708 1031 praesens
733 974 776 1016 in
801 980 964 1029 tempus
991 972 1164 1015 omittat.

26 1039 118 1085 hoc
141 1045 270 1090 amet,
295 1039 374 1081 hoc
399 1045 566 1095 spernat
589 1037 785 1094 promissi
809 1036 1002 1078 carminis
1028 1042 1182 1077 auctor.

95 1101 139 1144 in
162 1101 300 1144 verbis
326 1102 451 1143 etiam
475 1101 610 1143 tenuis
637 1107 866 1154 cautusque
893 1098 1077 1141 serendis

41 1164 193 1208 dixeris
218 1165 403 1222 egregie,
428 1171 574 1206 notum
600 1165 635 1206 si
659 1163 807 1205 callida
831 1162 1005 1204 verbum

39 1228 263 1272 reddiderit
286 1228 476 1270 iunctura
499 1243 667 1270 novum.
701 1227 736 1268 si
759 1226 865 1268 forte
889 1240 1060 1267 necesse
1085 1230 1148 1266 est

39 1291 202 1335 indiciis
226 1299 456 1333 monstrare
480 1290 715 1332 recentibus
741 1289 882 1332 abdita
905 1303 1056 1338 rerum,

28 1353 197 1411 fingere
222 1354 413 1396 cinctutis
438 1369 522 1396 non
546 1353 740 1395 exaudita
766 1351 966 1409 Cethegis

29 1418 270 1474 scontinget,
297 1416 541 1472 dabiturque
566 1417 732 1458 licentia
757 1422 893 1458 sumta
916 1415 1131 1472 pudenter.

32 1487 86 1533 et
108 1495 217 1523 nova
241 1481 419 1535 fictaque
443 1496 576 1536 nuper
599 1479 813 1522 habebunt
837 1478 964 1521 verba
987 1478 1131 1528 fidem,
1159 1476 1195 1519 si

30 1541 205 1588 *Graeco
229 1544 343 1587 fonte
368 1545 533 1594 cadent,
559 1559 683 1600 parce
709 1544 888 1586 detorta:
915 1542 1015 1597 quid
1040 1549 1179 1584 autem

30 1604 227 1651 «Caecilio
251 1607 485 1662 Plautoque
510 1606 625 1649 dabit
648 1606 883 1656 Romanus,
911 1606 1121 1647 ademtum

32 1668 218 1727 'Virgilio
244 1669 479 1725 Varioque?
503 1685 582 1727 ego
608 1684 698 1720 cur,
726 1669 938 1724 acquirere
962 1683 1098 1724 pauca

31 1732 80 1776 ,si
101 1747 291 1789 possum,
316 1733 522 1784 invideor,
547 1747 677 1787 quum
701 1732 844 1789 lingua
870 1731 1043 1774 Catonis
1069 1738 1110 1773 et
1133 1730 1247 1772 Enni

33 1810 277 1840 esermonem
299 1796 479 1853 patrium
504 1796 697 1838 ditaverit
720 1802 761 1837 et
785 1810 894 1836 nova
917 1810 1055 1836 rerum

32 1859 212 1905 momina
239 1858 477 1915 protulerit?
501 1858 615 1900 licuit
642 1873 886 1914 semperque
910 1857 1051 1899 licebit

34 1921 256 1980 signatum
278 1927 496 1978 praesente
519 1928 619 1962 nota
642 1921 869 1976 producere
894 1935 1059 1962 nomen.

35 1989 92 2027 sut
114 1984 243 2027 silvae
266 1984 377 2027 foliis
401 1999 555 2040 pronos
580 1990 792 2025 mutantur
814 1984 857 2025 in
882 1998 1032 2034 annos3

37 2047 181 2119 prima
205 2047 375 2098 cadunt3
399 2047 458 2089 ita
481 2046 703 2088 verborum
728 2053 848 2088 vetus
872 2046 1010 2088 interit
1035 2052 1163 2096 aetas,

34 2106 89 2160 et
109 2109 306 2152 iuvenum
329 2110 411 2152 ritu
435 2109 581 2152 florent
604 2109 728 2151 modo
752 2116 850 2150 nata
874 2109 1111 2165 vigentque.

36 2170 248 2215 debemur
270 2173 392 2215 morti
415 2187 491 2214 nos
516 2178 760 2227 nostraque3
787 2172 874 2214 sive
899 2179 1089 2228 receptus

36 2242 157 2280 ·terra
178 2234 399 2291 Neptunus
424 2235 579 2278 classes
604 2234 885 2290 Aquilonibus
911 2242 1034 2286 arcet,

35 2297 158 2354 tregis
184 2312 308 2353 opus,
335 2298 538 2340 sterilisve
562 2298 634 2339 diu
657 2298 777 2354 palus
803 2305 982 2354 aptaque
1006 2298 1131 2340 remis

49 2360 206 2421 yicinas
230 2359 354 2402 urbes
380 2360 452 2402 alit
475 2367 517 2403 et
540 2375 667 2417 grave
693 2361 816 2403 sentit
840 2369 1040 2412 aratrum3

40 2421 127 2476 ¹{eu
149 2438 317 2465 cursum
340 2424 515 2465 mutavit
538 2424 725 2478 iniquum
751 2424 942 2481 frugibus
968 2424 1114 2476 amnis,

38 2503 43 2518 ι’
79 2491 197 2528 octus
221 2485 299 2527 iter
321 2485 487 2528 melius:
513 2487 703 2529 mortalia
726 2486 837 2529 facta
860 2487 1064 2543 peribunt,

133 2563 204 2589 um
229 2563 466 2590 sermonum
491 2556 570 2591 stet
593 2549 726 2591 honos
751 2556 792 2591 et
815 2550 949 2606 gratia
971 2550 1109 2591 vivax·

42 2609 182 2820 §xlta
202 2618 488 2662 renascentur,
514 2626 621 2667 quae
644 2612 727 2654 iam
752 2613 956 2663 cecidere,
983 2613 1213 2666 cadentque

137 2687 160 2716 e
183 2689 293 2717 nunc
319 2682 416 2717 sunt
438 2675 482 2716 in
505 2675 659 2718 honore
682 2676 904 2727 voca-bula,
931 2676 967 2718 si
989 2676 1101 2718 volet
1124 2690 1238 2726 usus,

1313 155 1396 202 221

1425 411 1468 443 35

1428 727 1472 758 40

1432 1045 1474 1076 45

1436 1360 1479 1391 50

1438 1680 1480 1710 55

1441 1994 1484 2026 60

1443 2310 1485 2341 65

1444 2624 1486 2655 70
