1592 2808
58 279 63 281 ⁸
126 280 434 327 cdffludtempus
446 277 600 315 reiicere
615 287 726 328 coga—

22 340 108 371 mr.
154 327 303 374 Quippe
327 326 476 362 videtur
498 334 589 360 sane
608 323 728 369 lynea

99 372 173 412 afli*
186 373 298 409 Musa
324 372 414 408 inde
443 371 492 407 ab
522 380 622 406 anno
650 367 727 403 730.

23 416 247 469 kliquamdiu
276 417 520 462 conticuisse,
555 415 595 450 id
627 413 729 460 quod

25 516 235 556 armorum
267 522 301 546 a.
332 510 410 545 731.
441 513 480 544 et
507 507 585 543 732.
617 510 729 551 atque

24 558 136 606 ἦα
154 567 191 596 ⁸.
215 556 294 592 733.
319 559 358 592 et
382 554 459 591 734.
483 563 668 599 nusquam
692 551 731 586 in

18 619 36 640 1
79 601 99 613 ”
119 614 141 641 s
154 601 382 638 carminibus
399 600 536 636 mentio
554 597 729 634 iniicitur.

19 612 208 738 «ξίηᾱθ
233 648 382 684 minime
408 645 660 692 consequitur,
690 646 734 677 ut

19 697 52 737 -li
91 735 95 738 Α
129 693 261 732 tertius
282 693 357 730 iam
376 705 409 729 a.
423 692 498 728 730.
518 691 578 726 vel
597 690 674 725 731.
694 688 733 723 in

19 742 144 782 dmm
166 739 353 786 prodiisse
379 737 644 775 existimandus
674 734 732 769 sit.

22 787 103 824 almo
132 796 203 822 uos
234 785 384 832 quidem
414 796 461 820 ex
490 784 562 819 hac
585 782 670 828 ipsa
693 791 733 815 re

28 831 156 879 colligi
185 842 298 878 posse
323 830 592 873 existimamus,
628 827 734 862 illum

8 877 114 914 winde
130 878 179 914 ab
199 888 298 912 anno
319 876 463 912 demum
477 875 554 910 735.
575 876 734 910 exeunte

28 923 143 959 scribi
171 933 238 959 coe
267 927 344 958 tum
367 933 413 958 ac
437 926 570 966 postea
596 919 736 955 editum

535 203 574 238 o.
597 200 759 230 nom-m
781 197 923 228 ruem

1402 188 1467 220 LV

751 286 850 311 anno
865 274 1012 310 demum
1019 270 1096 307 735.
1109 268 1231 305 medio
1246 267 1326 304 fere
1340 276 1469 302 mense

753 320 911 357 Octobri
923 331 968 355 ex
980 317 1073 353 Asia
1085 316 1177 351 illuc
1189 314 1314 358 rediit,
1336 322 1467 348 conse-

753 379 873 414 quens
906 369 980 411 est,
1015 367 1058 399 ut
1089 372 1238 398 carmen
1263 359 1358 394 illud
1410 360 1471 393 ost

753 413 915 448 medium
945 421 1111 446 mensem
1142 407 1294 443 Octobr.
1326 416 1360 440 a.
1414 402 1471 438 35.

24 466 134 507 etium
143 476 189 502 ex
199 475 246 502 eo
261 463 453 508 coniicias,
462 462 562 510 quod
571 460 729 496 aliorum
740 473 743 500 ι
755 459 933 504 scriptum
953 457 1016 502 sit,
1043 454 1154 490 sicuti
1168 453 1306 489 dudum
1320 451 1471 486 demon-

756 504 888 540 stravit
905 503 1105 539 Massonus
1123 500 1162 535 in
1180 500 1270 535 Vita
1283 497 1416 532 Horat.
1435 507 1471 540 p.

755 551 820 586 311
837 562 918 596 sqq.
950 547 1087 584 Similis
1107 557 1196 582 vero
1210 544 1307 580 ratio
1323 548 1382 578 cst
1395 553 1472 576 car-

756 597 864 632 minis
879 595 1003 630 octavi
1016 592 1103 629 libri
1115 592 1198 636 111„
1209 590 1311 638 quod
1324 588 1473 623 minime

757 642 996 679 referendum
1021 643 1080 676 est
1104 639 1153 674 ad
1185 650 1218 673 a.
1244 636 1333 679 730„
1361 644 1475 681 quum

757 693 872 735 poeta
923 686 1143 732 neutiquam
1205 679 1476 729 significaverit

759 746 862 779 sese,
900 736 1104 779 propterea
1135 729 1237 776 quod
1264 739 1297 763 a.
1324 727 1401 762 729.
1427 725 1475 760 ab

758 779 901 816 infelici
921 778 1067 814 arboris
1088 787 1179 812 casu
1204 774 1328 810 salvus
1355 782 1477 807 serva-

759 831 820 862 tus
827 826 886 870 sit,
895 825 968 860 iam
983 834 1081 859 anno
1092 823 1250 869 proxime
1262 816 1479 865 insequenti

762 873 949 908 solemnes
976 871 1108 916 epulas
1139 867 1336 902 instituere
1368 863 1476 899 vellc.

761 918 943 954 Nimirum
980 914 1186 951 celebravit
1221 912 1348 959 potius
1382 909 1479 944 diem

29 979 125 1004 csse.
148 969 231 1011 Quo
265 968 408 1015 quidem
421 965 671 1002 verisimiliter
683 963 737 999 ita
761 965 867 999 illum
893 963 1005 999 etiam
1029 961 1225 1007 aliquanto
1245 961 1334 1005 post
1353 965 1477 992 annuo

23 1013 161 1059 -smtui,
185 1025 262 1051 non
278 1024 402 1059 pauca
420 1017 507 1048 sunt
526 1023 623 1059 quae
645 1009 737 1046 satis
764 1009 961 1046 sacrificio.
1009 1008 1069 1043 Ita
1097 1018 1144 1041 ue
1171 1017 1284 1052 quum
1309 1014 1404 1038 vers.
1426 1001 1480 1036 17.

32 1063 135 1097 certo
146 1070 305 1106 arguere
317 1059 525 1094 videantur.
557 1058 652 1094 Nam
665 1055 737 1101 pri—
764 1054 997 1092 Maecenatis
1006 1054 1077 1088 civi
1096 1064 1136 1087 es
1146 1049 1360 1096 superurbe
1369 1058 1482 1084 curae

30 1115 128 1158 mum
159 1105 309 1152 quidem
341 1104 613 1140 seiunctionem
638 1101 739 1137 tertii
765 1104 1114 1141 commemorentur,
1152 1097 1481 1132 uiCaesareOcta-

32 1150 117 1188 hbri
140 1162 165 1187 8
188 1150 336 1187 dnobus
360 1150 548 1196 prioribus
567 1149 628 1184 vel
645 1147 740 1182 illud
766 1148 876 1183 viano
891 1158 958 1193 per
973 1157 1092 1181 annos
1108 1110 1300 1179 732-735.
1322 1142 1481 1176 absente

33 1196 183 1250 suadet,
219 1197 341 1249 quod,
384 1195 493 1231 sicuti
522 1195 595 1230 iam
631 1198 742 1229 antea
766 1194 851 1229 urbi
863 1192 1082 1238 praefectus
1096 1190 1178 1235 fuit,
1195 1201 1308 1236 quum
1322 1197 1434 1233 porro
1449 1196 1482 1219 ν.

33 1241 343 1294 ειςιιίίίοωζιωιιε,
380 1242 458 1277 bini
488 1241 574 1276 libri
597 1240 742 1286 priores
766 1239 822 1274 21.
836 1243 945 1274 vetus
958 1238 1152 1282 Hispanae
1168 1246 1255 1270 orae
1270 1232 1390 1268 hostis
1404 1242 1484 1266 sera

33 1294 71 1324 et
88 1299 183 1323 unus
202 1288 297 1323 liber
316 1287 447 1323 tertius
468 1297 556 1321 suos
582 1285 653 1320 sibi
679 1284 742 1319 ha-
769 1290 904 1320 catena
917 1283 1079 1318 domitus
1094 1282 1251 1322 dicatur,
1268 1291 1381 1326 quum
1395 1278 1484 1312 item

34 1334 124 1386 bent
134 1333 316 1386 prologos
329 1337 368 1368 et
378 1333 562 1378 epilogos.
593 1330 742 1366 Deinde
768 1343 801 1367 v.
816 1331 869 1365 17.
883 1330 981 1364 Daci
993 1327 1125 1364 revicti
1138 1330 1400 1368 memorentur,
1423 1323 1486 1370 qui

33 1384 164 1416 tertius
195 1379 290 1414 liber
320 1378 494 1414 universo
521 1377 647 1412 colore
674 1387 743 1410 suo
768 1381 863 1412 teste
887 1376 1025 1411 Florol
1064 1384 1164 1409 anno
1191 1371 1267 1407 734.
1298 1382 1374 1405 una
1403 1381 1485 1405 cum

20 1437 55 1461 ,α
80 1424 228 1478 duobus
253 1424 358 1460 libris
377 1424 564 1470 prioribus
589 1422 744 1457 multum
770 1421 951 1458 Sarmatis
971 1420 1130 1466 aliisque
1150 1418 1237 1453 Istri
1261 1416 1402 1452 accolis
1427 1426 1481 1451 re-

34 1481 123 1507 me
137 1470 327 1516 discrepat
338 1475 469 1516 estque
482 1470 557 1504 illis
571 1479 744 1514 magnam
768 1468 857 1504 iecti
870 1466 1063 1503 aLentulo
1080 1469 1177 1508 sunt,
1193 1475 1307 1511 quum
1322 1462 1484 1508 denique

34 1515 503 1568 nortepertemperfectius
519 1515 744 1550 elaboratus.
770 1514 882 1550 etiam
911 1513 1046 1548 Medus
1084 1511 1156 1546 sibi
1190 1509 1339 1545 infestis
1376 1507 1488 1544 armis

15 1561 152 1599 ·1?or1=o
182 1562 356 1608 epilogus
386 1561 472 1596 libri
502 1560 675 1605 secundi,
715 1559 746 1594 si
771 1560 954 1595 dissidere
991 1558 1149 1600 dicatur,
1188 1555 1289 1602 quod
1327 1565 1487 1590 commo-

35 1613 298 1660 remaccurate
314 1607 500 1652 aestimes,
524 1607 578 1642 ita
597 1616 745 1651 compa·
772 1606 924 1641 dissime
944 1604 1076 1640 referri
1095 1607 1224 1648 potest
1236 1602 1284 1636 ad
1297 1600 1487 1645 Phraatis,

0 1704 1 1707 ¹
36 1657 140 1690 rums
163 1653 334 1706 videatur
358 1664 512 1705 necesse
539 1657 613 1697 est,
645 1652 746 1686 unde
773 1650 1020 1687 crudelissimi
1041 1648 1192 1696 tyranni
1217 1659 1392 1693 regnum,
1425 1658 1488 1692 pa-

0 1709 17 1738 ἐ,
37 1703 432 1752 βοείωηριιςριοθηε,
471 1710 545 1745 quo
577 1704 746 1743 tempore
771 1710 852 1733 rum
882 1697 975 1732 illud
1006 1701 1145 1739 tutum,
1181 1699 1224 1729 ut
1255 1694 1355 1728 cives
1386 1693 1489 1726 iden-

0 1763 1 1771 *
37 1755 121 1781 eum
139 1750 304 1791 scripsit,
330 1756 413 1780 sese
434 1755 546 1790 opere
566 1744 684 1790 lyrico
709 1743 747 1778 iu
773 1745 888 1779 tidem
914 1747 1045 1778 contra
1070 1752 1154 1776 eum
1179 1738 1489 1778 rebellaverint23

38 1801 147 1844 0111110
185 1795 332 1836 tempus
367 1790 604 1836 perfunctum
639 1794 747 1835 puta—
772 1786 1370 1834 nihilestprofectoverisimilius,
1381 1795 1490 1830 quam

38 1847 165 1889 visse..
194 1835 252 1872 Ex
275 1847 350 1888 quo
374 1835 524 1871 facilem
549 1836 665 1871 habet
689 1846 748 1870 ex—
773 1836 1007 1881 hocquoque
1017 1836 1333 1868 carmenexeunte
1343 1831 1492 1865 demum

40 1882 331 1934 pllcmonemssi
338 1882 468 1917 tertius
483 1882 579 1917 liber
593 1882 749 1916 odarum
775 1893 874 1916 anno
884 1881 960 1916 735.
969 1879 1103 1914 litteris
1119 1878 1383 1924 consignatum
1396 1886 1492 1911 esse.

41 1926 185 1974 ahquot
214 1927 359 1979 demum
388 1927 494 1963 annis
525 1932 612 1972 post
638 1926 750 1961 scribi
775 1927 901 1973 Atque
933 1926 1101 1961 eiusdem
1124 1923 1305 1969 temporis
1330 1921 1494 1967 vestigia

43 1977 200 2018 coeptus
213 1977 270 2008 snt.
305 1972 368 2008 Ad
380 1973 475 2009 haec
487 1984 576 2008 vero
591 1972 749 2016 accedit,
777 1973 889 2008 etiam
909 1982 1088 2016 expressa
1102 1973 1303 2005 cernuntur
1319 1968 1357 2002 in
1372 1966 1493 2002 Carm.

44 2017 146 2070 quod
179 2029 256 2070 non
283 2029 406 2070 pauca¹
435 2018 616 2063 carmina,
655 2028 751 2064 quae
777 2018 937 2062 111.6,9.
951 2016 1062 2062 1113,
1075 2015 1131 2050 43.
1146 2020 1184 2051 et
1197 2015 1350 2057 11129„
1367 2024 1493 2059 quam-

43 2067 153 2116 tertio
179 2064 274 2100 libro
301 2068 550 2116 continentur,
576 2063 752 2099 verisimi—
779 2075 890 2111 quam
920 2063 984 2098 alii
1014 2063 1110 2098 haec
1141 2072 1291 2106 quoque
1317 2059 1496 2095 aliorsum

43 2109 117 2145 hus
134 2109 185 2145 ad
201 2114 347 2154 tempus
364 2110 452 2145 inde
471 2110 520 2145 ab
544 2121 578 2145 a.
598 2109 675 2144 735.
699 2109 752 2144 in—
778 2109 876 2145 trahi
894 2110 1107 2144 voluerunt.
1156 2106 1233 2142 Sed
1251 2107 1325 2141 hoc
1370 2105 1496 2140 uidem

43 2165 85 2191 se
113 2160 242 2190 uutum
292 2167 377 2191 uam
402 2155 451 2190 ad
472 2159 634 2191 aetatem
654 2166 752 2190 anno
778 2160 969 2201 utcunque
996 2165 1078 2190 sese
1104 2153 1238 2198 habet,
1272 2117 1369 2187 111113
1394 2154 1495 2186 certe

43 2201 64 2236 7
111 2206 267 2253 antece.
289 2201 643 2254 entemreferuntur.
658 2202 754 2237 Nam
780 2201 952 2237 omnibus
985 2200 1119 2246 opinor
1149 2198 1222 2234 erit
1257 2198 1497 2244 perspicuum

44 2256 192 2284 cumen
206 2252 375 2293 quintum
388 2247 475 2299 libri
490 2248 608 2292 tertii,
627 2251 670 2282 ut
682 2247 754 2282 hoc
779 2252 891 2294 atque
918 2247 1093 2291 evidens,
1124 2256 1202 2280 non
1221 2255 1336 2290 posse
1362 2242 1496 2278 editio-

42 2295 203 2336 numus,
238 2292 651 2340 uodFranklusaliique
666 2293 754 2328 ada.
778 2305 864 2329 nem
892 2292 979 2328 libri
1009 2293 1083 2327 iam
1113 2302 1212 2326 anno
1244 2290 1322 2325 731.
1357 2289 1498 2324 factam

42 2337 218 2391 ιΊῖβΝρ
242 2338 318 2391 7233
326 2339 544 2392 retulerunt,
560 2340 703 2386 argutis
718 2343 756 2375 et
779 2350 874 2375 esse.
921 2338 1047 2384 Atque
1067 2338 1162 2372 haec
1182 2335 1368 2371 sententia
1387 2334 1499 2370 etiam

45 2388 224 2437 captiosis
237 2395 295 2419 usi
307 2384 364 2437 ¹1¹¹.
374 2385 754 2430 ranon1bus‚ubirem
780 2385 864 2421 aliis
894 2384 1104 2420 rationibus
1131 2382 1338 2418 certissime
1365 2379 1498 2416 confir-

36 2435 257 2486 Qqcurnstms
266 2430 557 2483 consideraveris
574 2437 755 2466 certenon
779 2436 912 2467 matur.
942 2430 1139 2466 Neminem
1152 2428 1250 2464 enim
1264 2425 1497 2477 praeteribit²

36 2471 309 2529 *opempore
327 2488 399 2529 nisi
418 2487 516 2529 anno
531 2459 607 2512 735.
622 2477 755 2513 litteris
780 2490 857 2512 non
887 2487 1010 2523 pauca
1040 2476 1078 2509 in
1110 2475 1184 2510 hoc
1213 2474 1311 2509 libro
1342 2470 1500 2518 reperiri

38 2523 626 2577 *msignanpotmssevldebitun
636 2523 756 2564 Quum
780 2526 973 2570 poemata,
1006 2532 1103 2567 quae
1127 2531 1272 2555 morum
1299 2518 1500 2554 emendan-

36 2566 613 2660 =ffmmeomemorenturfflgna
625 2569 756 2604 milita·
783 2571 914 2604 dorum
944 2566 1210 2602 necessitatem
1241 2566 1502 2600 demonstrant

63 2655 65 2658 .
108 2617 153 2651 ot
164 2614 512 2671 9²R¹2¹V3³Phraat5³
526 2627 559 2650 a.
574 2614 651 2651 734.
681 2614 757 2649 Au·
782 2619 821 2651 et
862 2614 1028 2649 futurum
1067 2612 1234 2647 melioris
1278 2610 1371 2645 disci
1400 2609 1501 2644 linae

165 2664 322 2705 inbyna
334 2665 499 2695 versanti
510 2660 668 2705 remissi,
681 2660 757 2695 Au·
783 2664 976 2696 auctorem
999 2663 1043 2694 ut
1065 2658 1186 2693 virum
1210 2656 1362 2692 summis
1398 2653 1502 2690 audi·

186 2710 310 2742 autem
316 2717 385 2751 per
393 2705 567 2752 dilogiam
576 2706 759 2753 quandam
799 2716 891 2757 Ἰ-Ῐῆ
914 2730 948 2756 12

144 2802 147 2808 .
171 2788 176 2790 ,
194 2751 430 2789 sensRomae
443 2751 674 2798 designetur,
695 2753 758 2799 qui
817 2767 833 2792 2
851 2748 908 2791 ml,
922 2747 1003 2790 cias.
1017 2763 1078 2790 nv.
1091 2763 1135 2790 28.
