<?xml version="1.0" encoding="UTF-8"?>
<!DOCTYPE html PUBLIC "-//W3C//DTD XHTML 1.0 Transitional//EN"
    "http://www.w3.org/TR/xhtml1/DTD/xhtml1-transitional.dtd">
<html xmlns="http://www.w3.org/1999/xhtml" xml:lang="en" lang="en">
 <head>
  <title>
</title>
<meta http-equiv="Content-Type" content="text/html;charset=utf-8" />
  <meta name='ocr-system' content='tesseract 3.04.00' />
  <meta name='ocr-capabilities' content='ocr_page ocr_carea ocr_par ocr_line ocrx_word'/>
</head>
<body>
  <div class='ocr_page' id='page_1' title='image "./operaomni00horauoft_0053.png"; bbox 0 0 1592 2808; ppageno 0'>
   <div class='ocr_carea' id='block_1_1' title="bbox 32 0 317 171">
    <p class='ocr_par' dir='ltr' id='par_1_1' title="bbox 32 0 317 171">
     <span class='ocr_line' id='line_1_1' title="bbox 32 0 317 171; baseline 0 2637"><span class='ocrx_word' id='word_1_1' title='bbox 32 0 317 171; x_wconf 95' lang='lat' dir='ltr'><strong> </strong></span> 
     </span>
    </p>
   </div>
   <div class='ocr_carea' id='block_1_2' title="bbox 547 165 1468 218">
    <p class='ocr_par' dir='ltr' id='par_1_2' title="bbox 547 165 1468 218">
     <span class='ocr_line' id='line_1_2' title="bbox 547 165 1468 218; baseline -0.016 -7"><span class='ocrx_word' id='word_1_2' title='bbox 547 184 586 218; x_wconf 70' lang='lat' dir='ltr'><strong>Q·</strong></span> <span class='ocrx_word' id='word_1_3' title='bbox 610 180 771 210; x_wconf 68' lang='lat' dir='ltr'><strong>nomm</strong></span> <span class='ocrx_word' id='word_1_4' title='bbox 793 177 934 206; x_wconf 71' lang='lat' dir='ltr'><strong>mcci</strong></span> <span class='ocrx_word' id='word_1_5' title='bbox 1320 165 1468 198; x_wconf 50' lang='lat' dir='ltr'><strong>‘XLvn</strong></span> 
     </span>
    </p>
   </div>
   <div class='ocr_carea' id='block_1_3' title="bbox 0 242 1519 2740">
    <p class='ocr_par' dir='ltr' id='par_1_3' title="bbox 0 242 1519 2740">
     <span class='ocr_line' id='line_1_3' title="bbox 27 242 1473 306; baseline -0.019 1"><span class='ocrx_word' id='word_1_6' title='bbox 27 267 153 306; x_wconf 59' lang='lat' dir='ltr'><strong>batur</strong></span> <span class='ocrx_word' id='word_1_7' title='bbox 177 263 268 303; x_wconf 64' lang='lat' dir='ltr'><strong>un.</strong></span> <span class='ocrx_word' id='word_1_8' title='bbox 279 263 313 300; x_wconf 86' lang='lat'><strong>9.</strong></span> <span class='ocrx_word' id='word_1_9' title='bbox 325 261 382 297; x_wconf 91' lang='grc'><strong>10.</strong></span> <span class='ocrx_word' id='word_1_10' title='bbox 401 259 456 296; x_wconf 84' lang='grc'><strong>14.</strong></span> <span class='ocrx_word' id='word_1_11' title='bbox 468 257 522 295; x_wconf 88' lang='grc'><strong>15.</strong></span> <span class='ocrx_word' id='word_1_12' title='bbox 541 257 596 294; x_wconf 91' lang='grc'><strong>18.</strong></span> <span class='ocrx_word' id='word_1_13' title='bbox 608 256 664 291; x_wconf 83' lang='grc'><strong>23.</strong></span> <span class='ocrx_word' id='word_1_14' title='bbox 677 255 733 291; x_wconf 82' lang='lat'><strong>27.</strong></span> <span class='ocrx_word' id='word_1_15' title='bbox 756 253 828 289; x_wconf 91' lang='lat' dir='ltr'><strong>niis</strong></span> <span class='ocrx_word' id='word_1_16' title='bbox 853 252 1052 288; x_wconf 86' lang='lat' dir='ltr'><strong>admovere</strong></span> <span class='ocrx_word' id='word_1_17' title='bbox 1064 248 1208 293; x_wconf 89' lang='lat' dir='ltr'><strong>liceret,</strong></span> <span class='ocrx_word' id='word_1_18' title='bbox 1228 249 1277 292; x_wconf 87' lang='lat' dir='ltr'><strong>et,</strong></span> <span class='ocrx_word' id='word_1_19' title='bbox 1297 255 1394 292; x_wconf 87' lang='lat' dir='ltr'><strong>quae</strong></span> <span class='ocrx_word' id='word_1_20' title='bbox 1407 242 1473 280; x_wconf 83' lang='lat' dir='ltr'><strong>ali-</strong></span> 
     </span>
     <span class='ocr_line' id='line_1_4' title="bbox 8 292 1475 352; baseline -0.019 0"><span class='ocrx_word' id='word_1_21' title='bbox 8 315 75 352; x_wconf 50' lang='lat'><strong>218.</strong></span> <span class='ocrx_word' id='word_1_22' title='bbox 92 292 226 349; x_wconf 64' lang='lat' dir='ltr'><strong>mill.</strong></span> <span class='ocrx_word' id='word_1_23' title='bbox 243 309 276 346; x_wconf 88' lang='grc'><strong>9.</strong></span> <span class='ocrx_word' id='word_1_24' title='bbox 294 308 350 344; x_wconf 90' lang='grc'><strong>10.</strong></span> <span class='ocrx_word' id='word_1_25' title='bbox 368 306 423 342; x_wconf 85' lang='grc'><strong>12.</strong></span> <span class='ocrx_word' id='word_1_26' title='bbox 441 305 496 342; x_wconf 83' lang='grc'><strong>15.</strong></span> <span class='ocrx_word' id='word_1_27' title='bbox 515 304 570 340; x_wconf 82' lang='grc'><strong>26.</strong></span> <span class='ocrx_word' id='word_1_28' title='bbox 588 302 644 337; x_wconf 83' lang='grc'><strong>27.</strong></span> <span class='ocrx_word' id='word_1_29' title='bbox 663 301 732 346; x_wconf 85' lang='grc'><strong>28.,</strong></span> <span class='ocrx_word' id='word_1_30' title='bbox 757 299 857 335; x_wconf 90' lang='lat' dir='ltr'><strong>unde</strong></span> <span class='ocrx_word' id='word_1_31' title='bbox 871 298 919 334; x_wconf 91' lang='lat' dir='ltr'><strong>ab</strong></span> <span class='ocrx_word' id='word_1_32' title='bbox 931 295 1024 343; x_wconf 87' lang='lat' dir='ltr'><strong>ipsis</strong></span> <span class='ocrx_word' id='word_1_33' title='bbox 1039 297 1159 330; x_wconf 87' lang='lat' dir='ltr'><strong>sumta</strong></span> <span class='ocrx_word' id='word_1_34' title='bbox 1173 295 1310 337; x_wconf 87' lang='lat' dir='ltr'><strong>essent,</strong></span> <span class='ocrx_word' id='word_1_35' title='bbox 1332 303 1378 327; x_wconf 92' lang='lat' dir='ltr'><strong>ea</strong></span> <span class='ocrx_word' id='word_1_36' title='bbox 1387 300 1475 326; x_wconf 84' lang='lat' dir='ltr'><strong>mox</strong></span> 
     </span>
     <span class='ocr_line' id='line_1_5' title="bbox 30 337 1475 407; baseline -0.018 -11"><span class='ocrx_word' id='word_1_37' title='bbox 30 359 236 407; x_wconf 73' lang='lat' dir='ltr'><strong>ieufiqmm</strong></span> <span class='ocrx_word' id='word_1_38' title='bbox 250 354 292 390; x_wconf 90' lang='lat' dir='ltr'><strong>id</strong></span> <span class='ocrx_word' id='word_1_39' title='bbox 308 351 451 407; x_wconf 81' lang='lat' dir='ltr'><strong>ingenii</strong></span> <span class='ocrx_word' id='word_1_40' title='bbox 469 349 647 398; x_wconf 87' lang='lat' dir='ltr'><strong>penuriae</strong></span> <span class='ocrx_word' id='word_1_41' title='bbox 669 350 736 383; x_wconf 90' lang='lat' dir='ltr'><strong>aut</strong></span> <span class='ocrx_word' id='word_1_42' title='bbox 758 356 835 380; x_wconf 90' lang='lat' dir='ltr'><strong>non</strong></span> <span class='ocrx_word' id='word_1_43' title='bbox 846 344 922 379; x_wconf 89' lang='lat' dir='ltr'><strong>iam</strong></span> <span class='ocrx_word' id='word_1_44' title='bbox 939 353 1007 389; x_wconf 89' lang='lat' dir='ltr'><strong>pro</strong></span> <span class='ocrx_word' id='word_1_45' title='bbox 1021 339 1167 385; x_wconf 84' lang='lat' dir='ltr'><strong>alienis,</strong></span> <span class='ocrx_word' id='word_1_46' title='bbox 1189 339 1256 374; x_wconf 89' lang='lat' dir='ltr'><strong>sed</strong></span> <span class='ocrx_word' id='word_1_47' title='bbox 1268 349 1335 384; x_wconf 89' lang='lat' dir='ltr'><strong>pro</strong></span> <span class='ocrx_word' id='word_1_48' title='bbox 1350 337 1475 372; x_wconf 89' lang='lat' dir='ltr'><strong>dome-</strong></span> 
     </span>
     <span class='ocr_line' id='line_1_6' title="bbox 27 384 1477 443; baseline -0.019 0"><span class='ocrx_word' id='word_1_49' title='bbox 27 404 178 443; x_wconf 66' lang='lat' dir='ltr'><strong>mur-tino</strong></span> <span class='ocrx_word' id='word_1_50' title='bbox 189 400 302 438; x_wconf 71' lang='lat' dir='ltr'><strong>alicui</strong></span> <span class='ocrx_word' id='word_1_51' title='bbox 319 397 559 435; x_wconf 81' lang='lat' dir='ltr'><strong>tribuendum</strong></span> <span class='ocrx_word' id='word_1_52' title='bbox 573 398 642 438; x_wconf 87' lang='lat' dir='ltr'><strong>est,</strong></span> <span class='ocrx_word' id='word_1_53' title='bbox 661 393 733 428; x_wconf 92' lang='lat' dir='ltr'><strong>nisi</strong></span> <span class='ocrx_word' id='word_1_54' title='bbox 761 390 863 427; x_wconf 88' lang='lat' dir='ltr'><strong>sticis</strong></span> <span class='ocrx_word' id='word_1_55' title='bbox 877 393 988 435; x_wconf 88' lang='lat' dir='ltr'><strong>atque</strong></span> <span class='ocrx_word' id='word_1_56' title='bbox 1002 385 1163 433; x_wconf 90' lang='lat' dir='ltr'><strong>propriis</strong></span> <span class='ocrx_word' id='word_1_57' title='bbox 1177 384 1409 421; x_wconf 79' lang='lat' dir='ltr'><strong>haberentur</strong></span> <span class='ocrx_word' id='word_1_58' title='bbox 1422 385 1477 417; x_wconf 89' lang='lat' dir='ltr'><strong>at-</strong></span> 
     </span>
     <span class='ocr_line' id='line_1_7' title="bbox 29 436 1107 490; baseline -0.019 -2"><span class='ocrx_word' id='word_1_59' title='bbox 29 452 125 490; x_wconf 64' lang='grc' dir='ltr'><strong>ἴοι-ιο,</strong></span> <span class='ocrx_word' id='word_1_60' title='bbox 139 447 250 486; x_wconf 64' lang='lat' dir='ltr'><strong>etiam</strong></span> <span class='ocrx_word' id='word_1_61' title='bbox 261 444 510 488; x_wconf 87' lang='lat' dir='ltr'><strong>Wielandios‚</strong></span> <span class='ocrx_word' id='word_1_62' title='bbox 529 440 734 484; x_wconf 90' lang='lat' dir='ltr'><strong>Herderos,</strong></span> <span class='ocrx_word' id='word_1_63' title='bbox 761 448 833 483; x_wconf 88' lang='lat' dir='ltr'><strong>que</strong></span> <span class='ocrx_word' id='word_1_64' title='bbox 847 436 1107 482; x_wconf 83' lang='lat' dir='ltr'><strong>probarentur.</strong></span> 
     </span>
     <span class='ocr_line' id='line_1_8' title="bbox 29 473 1478 538; baseline -0.018 -4"><span class='ocrx_word' id='word_1_65' title='bbox 29 494 242 538; x_wconf 74' lang='lat' dir='ltr'><strong>Sehmeros,</strong></span> <span class='ocrx_word' id='word_1_66' title='bbox 292 489 488 535; x_wconf 84' lang='lat' dir='ltr'><strong>Goethios,</strong></span> <span class='ocrx_word' id='word_1_67' title='bbox 535 490 736 533; x_wconf 89' lang='lat' dir='ltr'><strong>propterea</strong></span> <span class='ocrx_word' id='word_1_68' title='bbox 795 481 871 518; x_wconf 87' lang='lat' dir='ltr'><strong>Sed</strong></span> <span class='ocrx_word' id='word_1_69' title='bbox 912 478 1233 526; x_wconf 84' lang='lat' dir='ltr'><strong>transgrediamur</strong></span> <span class='ocrx_word' id='word_1_70' title='bbox 1273 473 1478 521; x_wconf 84' lang='lat' dir='ltr'><strong>aliquando</strong></span> 
     </span>
     <span class='ocr_line' id='line_1_9' title="bbox 52 523 1480 582; baseline -0.017 -4"><span class='ocrx_word' id='word_1_71' title='bbox 52 546 58 550; x_wconf 76' lang='grc'><em>”</em></span> <span class='ocrx_word' id='word_1_72' title='bbox 73 542 84 556; x_wconf 77' lang='lat'><em>&#39;</em></span> <span class='ocrx_word' id='word_1_73' title='bbox 138 543 291 577; x_wconf 76' lang='lat' dir='ltr'><strong>externa</strong></span> <span class='ocrx_word' id='word_1_74' title='bbox 304 549 388 573; x_wconf 90' lang='lat' dir='ltr'><strong>cum</strong></span> <span class='ocrx_word' id='word_1_75' title='bbox 400 533 646 582; x_wconf 87' lang='lat' dir='ltr'><strong>popularibus</strong></span> <span class='ocrx_word' id='word_1_76' title='bbox 661 530 736 565; x_wconf 88' lang='lat' dir='ltr'><strong>suis</strong></span> <span class='ocrx_word' id='word_1_77' title='bbox 762 528 811 564; x_wconf 89' lang='lat' dir='ltr'><strong>ad</strong></span> <span class='ocrx_word' id='word_1_78' title='bbox 829 527 1088 562; x_wconf 86' lang='lat' dir='ltr'><strong>universorum</strong></span> <span class='ocrx_word' id='word_1_79' title='bbox 1108 523 1311 559; x_wconf 84' lang='lat' dir='ltr'><strong>carminum</strong></span> <span class='ocrx_word' id='word_1_80' title='bbox 1330 530 1480 566; x_wconf 87' lang='lat' dir='ltr'><strong>compo-</strong></span> 
     </span>
     <span class='ocr_line' id='line_1_10' title="bbox 26 570 1480 631; baseline -0.017 -7"><span class='ocrx_word' id='word_1_81' title='bbox 26 583 393 631; x_wconf 64' lang='lat' dir='ltr'><strong>cmjnmunicaverint,</strong></span> <span class='ocrx_word' id='word_1_82' title='bbox 426 581 558 617; x_wconf 89' lang='lat' dir='ltr'><strong>eodem</strong></span> <span class='ocrx_word' id='word_1_83' title='bbox 584 577 736 613; x_wconf 91' lang='lat' dir='ltr'><strong>crimine</strong></span> <span class='ocrx_word' id='word_1_84' title='bbox 763 574 937 609; x_wconf 89' lang='lat' dir='ltr'><strong>sitionem</strong></span> <span class='ocrx_word' id='word_1_85' title='bbox 958 575 997 608; x_wconf 90' lang='lat' dir='ltr'><strong>et</strong></span> <span class='ocrx_word' id='word_1_86' title='bbox 1015 572 1320 617; x_wconf 86' lang='lat' dir='ltr'><strong>argumentorum</strong></span> <span class='ocrx_word' id='word_1_87' title='bbox 1343 570 1480 602; x_wconf 88' lang='lat' dir='ltr'><strong>tracta-</strong></span> 
     </span>
     <span class='ocr_line' id='line_1_11' title="bbox 28 616 1482 673; baseline -0.017 -3"><span class='ocrx_word' id='word_1_88' title='bbox 28 628 352 673; x_wconf 56' lang='lat' dir='ltr'><strong>ohffrictosteneri</strong></span> <span class='ocrx_word' id='word_1_89' title='bbox 361 626 533 663; x_wconf 90' lang='lat' dir='ltr'><strong>volueris.</strong></span> <span class='ocrx_word' id='word_1_90' title='bbox 556 623 739 663; x_wconf 86' lang='lat' dir='ltr'><strong>Nimirum</strong></span> <span class='ocrx_word' id='word_1_91' title='bbox 762 620 913 655; x_wconf 86' lang='lat' dir='ltr'><strong>tionem.</strong></span> <span class='ocrx_word' id='word_1_92' title='bbox 938 619 1109 670; x_wconf 86' lang='lat' dir='ltr'><strong>Inquaet</strong></span> <span class='ocrx_word' id='word_1_93' title='bbox 1121 616 1205 662; x_wconf 86' lang='lat' dir='ltr'><strong>ipsa</strong></span> <span class='ocrx_word' id='word_1_94' title='bbox 1219 622 1482 659; x_wconf 86' lang='lat' dir='ltr'><strong>summaquac-</strong></span> 
     </span>
     <span class='ocr_line' id='line_1_12' title="bbox 8 660 1483 726; baseline -0.016 -11"><span class='ocrx_word' id='word_1_95' title='bbox 8 708 11 716; x_wconf 79' lang='grc'>,</span> <span class='ocrx_word' id='word_1_96' title='bbox 28 676 170 726; x_wconf 64' lang='lat' dir='ltr'><strong>pupigit</strong></span> <span class='ocrx_word' id='word_1_97' title='bbox 181 675 364 712; x_wconf 83' lang='lat' dir='ltr'><strong>Horatius</strong></span> <span class='ocrx_word' id='word_1_98' title='bbox 382 672 474 709; x_wconf 88' lang='lat' dir='ltr'><strong>talia</strong></span> <span class='ocrx_word' id='word_1_99' title='bbox 493 670 659 707; x_wconf 86' lang='lat' dir='ltr'><strong>carmina</strong></span> <span class='ocrx_word' id='word_1_100' title='bbox 670 679 740 714; x_wconf 89' lang='lat' dir='ltr'><strong>per</strong></span> <span class='ocrx_word' id='word_1_101' title='bbox 764 677 836 713; x_wconf 92' lang='lat' dir='ltr'><strong>que</strong></span> <span class='ocrx_word' id='word_1_102' title='bbox 852 667 1036 711; x_wconf 78' lang='lat' dir='ltr'><strong>spectavlt</strong></span> <span class='ocrx_word' id='word_1_103' title='bbox 1047 662 1241 706; x_wconf 87' lang='lat' dir='ltr'><strong>Horatius,</strong></span> <span class='ocrx_word' id='word_1_104' title='bbox 1252 660 1483 697; x_wconf 80' lang='lat' dir='ltr'><strong>Graecorum</strong></span> 
     </span>
     <span class='ocr_line' id='line_1_13' title="bbox 8 705 1483 769; baseline -0.016 -8"><span class='ocrx_word' id='word_1_105' title='bbox 8 735 10 737; x_wconf 83' lang='lat'>·</span> <span class='ocrx_word' id='word_1_106' title='bbox 28 727 147 761; x_wconf 69' lang='lat' dir='ltr'><strong>lusum</strong></span> <span class='ocrx_word' id='word_1_107' title='bbox 165 722 354 769; x_wconf 82' lang='lat' dir='ltr'><strong>quendam</strong></span> <span class='ocrx_word' id='word_1_108' title='bbox 371 718 575 762; x_wconf 89' lang='lat' dir='ltr'><strong>liberalem,</strong></span> <span class='ocrx_word' id='word_1_109' title='bbox 603 715 680 750; x_wconf 89' lang='lat' dir='ltr'><strong>sive</strong></span> <span class='ocrx_word' id='word_1_110' title='bbox 699 718 741 748; x_wconf 89' lang='lat' dir='ltr'><strong>ut</strong></span> <span class='ocrx_word' id='word_1_111' title='bbox 765 712 935 756; x_wconf 84' lang='lat' dir='ltr'><strong>exemplo</strong></span> <span class='ocrx_word' id='word_1_112' title='bbox 961 709 1130 755; x_wconf 83' lang='lat' dir='ltr'><strong>inprimis</strong></span> <span class='ocrx_word' id='word_1_113' title='bbox 1155 713 1242 743; x_wconf 91' lang='lat' dir='ltr'><strong>ante</strong></span> <span class='ocrx_word' id='word_1_114' title='bbox 1263 705 1396 741; x_wconf 89' lang='lat' dir='ltr'><strong>oculos</strong></span> <span class='ocrx_word' id='word_1_115' title='bbox 1415 713 1483 750; x_wconf 91' lang='lat' dir='ltr'><strong>po-</strong></span> 
     </span>
     <span class='ocr_line' id='line_1_14' title="bbox 10 751 1485 814; baseline -0.016 -7"><span class='ocrx_word' id='word_1_116' title='bbox 10 791 11 795; x_wconf 66' lang='lat'><em>=</em></span> <span class='ocrx_word' id='word_1_117' title='bbox 27 769 155 807; x_wconf 64' lang='lat' dir='ltr'><strong>talium</strong></span> <span class='ocrx_word' id='word_1_118' title='bbox 172 770 387 814; x_wconf 88' lang='lat' dir='ltr'><strong>poematum</strong></span> <span class='ocrx_word' id='word_1_119' title='bbox 405 763 575 800; x_wconf 80' lang='lat' dir='ltr'><strong>notitiam</strong></span> <span class='ocrx_word' id='word_1_120' title='bbox 596 760 740 797; x_wconf 87' lang='lat' dir='ltr'><strong>civibus</strong></span> <span class='ocrx_word' id='word_1_121' title='bbox 767 758 850 792; x_wconf 86' lang='lat' dir='ltr'><strong>sito.</strong></span> <span class='ocrx_word' id='word_1_122' title='bbox 887 757 983 793; x_wconf 89' lang='lat' dir='ltr'><strong>Nam</strong></span> <span class='ocrx_word' id='word_1_123' title='bbox 996 759 1038 790; x_wconf 89' lang='lat' dir='ltr'><strong>ut</strong></span> <span class='ocrx_word' id='word_1_124' title='bbox 1049 754 1143 789; x_wconf 89' lang='lat' dir='ltr'><strong>nihil</strong></span> <span class='ocrx_word' id='word_1_125' title='bbox 1158 754 1325 788; x_wconf 87' lang='lat' dir='ltr'><strong>dicamus</strong></span> <span class='ocrx_word' id='word_1_126' title='bbox 1340 751 1387 786; x_wconf 93' lang='lat' dir='ltr'><strong>de</strong></span> <span class='ocrx_word' id='word_1_127' title='bbox 1405 752 1485 785; x_wconf 84' lang='lat' dir='ltr'><strong>arte</strong></span> 
     </span>
     <span class='ocr_line' id='line_1_15' title="bbox 28 797 1486 859; baseline -0.015 -7"><span class='ocrx_word' id='word_1_128' title='bbox 28 815 103 852; x_wconf 82' lang='lat' dir='ltr'><strong>suis</strong></span> <span class='ocrx_word' id='word_1_129' title='bbox 126 812 344 859; x_wconf 88' lang='lat' dir='ltr'><strong>impertiret,</strong></span> <span class='ocrx_word' id='word_1_130' title='bbox 371 811 447 846; x_wconf 87' lang='lat' dir='ltr'><strong>sive</strong></span> <span class='ocrx_word' id='word_1_131' title='bbox 470 813 512 844; x_wconf 89' lang='lat' dir='ltr'><strong>ut</strong></span> <span class='ocrx_word' id='word_1_132' title='bbox 536 808 617 854; x_wconf 87' lang='lat' dir='ltr'><strong>ipse</strong></span> <span class='ocrx_word' id='word_1_133' title='bbox 637 807 740 852; x_wconf 89' lang='lat' dir='ltr'><strong>inge·</strong></span> <span class='ocrx_word' id='word_1_134' title='bbox 765 804 849 848; x_wconf 89' lang='lat' dir='ltr'><strong>illa,</strong></span> <span class='ocrx_word' id='word_1_135' title='bbox 877 813 951 849; x_wconf 89' lang='lat' dir='ltr'><strong>qua</strong></span> <span class='ocrx_word' id='word_1_136' title='bbox 976 802 1141 836; x_wconf 91' lang='lat' dir='ltr'><strong>colorem</strong></span> <span class='ocrx_word' id='word_1_137' title='bbox 1167 797 1347 835; x_wconf 87' lang='lat' dir='ltr'><strong>orationis</strong></span> <span class='ocrx_word' id='word_1_138' title='bbox 1372 799 1486 842; x_wconf 85' lang='lat' dir='ltr'><strong>atque</strong></span> 
     </span>
     <span class='ocr_line' id='line_1_16' title="bbox 28 841 1488 904; baseline -0.016 -6"><span class='ocrx_word' id='word_1_139' title='bbox 28 871 140 898; x_wconf 82' lang='lat' dir='ltr'><strong>nuam</strong></span> <span class='ocrx_word' id='word_1_140' title='bbox 162 859 250 895; x_wconf 88' lang='lat' dir='ltr'><strong>inde</strong></span> <span class='ocrx_word' id='word_1_141' title='bbox 275 860 426 904; x_wconf 83' lang='lat' dir='ltr'><strong>caperet</strong></span> <span class='ocrx_word' id='word_1_142' title='bbox 449 853 742 891; x_wconf 87' lang='lat' dir='ltr'><strong>oblectationem</strong></span> <span class='ocrx_word' id='word_1_143' title='bbox 766 850 979 884; x_wconf 88' lang='lat' dir='ltr'><strong>universum</strong></span> <span class='ocrx_word' id='word_1_144' title='bbox 1016 847 1247 893; x_wconf 85' lang='lat' dir='ltr'><strong>singulorum</strong></span> <span class='ocrx_word' id='word_1_145' title='bbox 1285 841 1488 879; x_wconf 82' lang='lat' dir='ltr'><strong>carminum</strong></span> 
     </span>
     <span class='ocr_line' id='line_1_17' title="bbox 31 887 1487 955; baseline -0.015 -12"><span class='ocrx_word' id='word_1_146' title='bbox 31 900 616 955; x_wconf 85' lang='lat' dir='ltr'><strong>sequesubindepropiusinartis</strong></span> <span class='ocrx_word' id='word_1_147' title='bbox 626 899 741 935; x_wconf 83' lang='lat' dir='ltr'><strong>Grae·</strong></span> <span class='ocrx_word' id='word_1_148' title='bbox 766 895 937 931; x_wconf 91' lang='lat' dir='ltr'><strong>habitum</strong></span> <span class='ocrx_word' id='word_1_149' title='bbox 962 892 1191 939; x_wconf 72' lang='lat' dir='ltr'><strong>argumentis</strong></span> <span class='ocrx_word' id='word_1_150' title='bbox 1219 901 1347 926; x_wconf 89' lang='lat' dir='ltr'><strong>eorum</strong></span> <span class='ocrx_word' id='word_1_151' title='bbox 1375 887 1487 934; x_wconf 89' lang='lat' dir='ltr'><strong>plane</strong></span> 
     </span>
     <span class='ocr_line' id='line_1_18' title="bbox 32 932 1490 1016; baseline -0.016 -26"><span class='ocrx_word' id='word_1_152' title='bbox 32 948 515 1006; x_wconf 74' lang='lat' dir='ltr'><strong>caeingeniuminsinuaret.</strong></span> <span class='ocrx_word' id='word_1_153' title='bbox 527 947 573 982; x_wconf 95' lang='lat' dir='ltr'><strong>In</strong></span> <span class='ocrx_word' id='word_1_154' title='bbox 582 956 656 992; x_wconf 91' lang='lat' dir='ltr'><strong>quo</strong></span> <span class='ocrx_word' id='word_1_155' title='bbox 664 944 743 997; x_wconf 79' lang='lat' dir='ltr'><strong>qui·</strong></span> <span class='ocrx_word' id='word_1_156' title='bbox 770 940 1054 977; x_wconf 86' lang='lat' dir='ltr'><strong>convenientem</strong></span> <span class='ocrx_word' id='word_1_157' title='bbox 1066 938 1159 974; x_wconf 85' lang='lat' dir='ltr'><strong>fecit</strong></span> <span class='ocrx_word' id='word_1_158' title='bbox 1172 941 1286 983; x_wconf 88' lang='lat' dir='ltr'><strong>atque</strong></span> <span class='ocrx_word' id='word_1_159' title='bbox 1297 945 1421 1016; x_wconf 53' lang='lat' dir='ltr'><strong>genus</strong></span> <span class='ocrx_word' id='word_1_160' title='bbox 1436 932 1490 967; x_wconf 77' lang='lat' dir='ltr'><strong>di—</strong></span> 
     </span>
     <span class='ocr_line' id='line_1_19' title="bbox 33 978 1489 1043; baseline -0.016 -8"><span class='ocrx_word' id='word_1_161' title='bbox 33 999 117 1036; x_wconf 81' lang='lat' dir='ltr'><strong>dem</strong></span> <span class='ocrx_word' id='word_1_162' title='bbox 130 997 328 1043; x_wconf 76' lang='lat' dir='ltr'><strong>diligenter</strong></span> <span class='ocrx_word' id='word_1_163' title='bbox 345 994 547 1030; x_wconf 89' lang='lat' dir='ltr'><strong>tenendum</strong></span> <span class='ocrx_word' id='word_1_164' title='bbox 560 996 619 1028; x_wconf 90' lang='lat' dir='ltr'><strong>est</strong></span> <span class='ocrx_word' id='word_1_165' title='bbox 636 991 743 1025; x_wconf 82' lang='lat' dir='ltr'><strong>ist1us</strong></span> <span class='ocrx_word' id='word_1_166' title='bbox 770 987 879 1024; x_wconf 91' lang='lat' dir='ltr'><strong>cendi</strong></span> <span class='ocrx_word' id='word_1_167' title='bbox 894 985 1075 1032; x_wconf 87' lang='lat' dir='ltr'><strong>singulari</strong></span> <span class='ocrx_word' id='word_1_168' title='bbox 1088 983 1216 1018; x_wconf 89' lang='lat' dir='ltr'><strong>iudicii</strong></span> <span class='ocrx_word' id='word_1_169' title='bbox 1223 993 1294 1028; x_wconf 88' lang='lat' dir='ltr'><strong>pru</strong></span> <span class='ocrx_word' id='word_1_170' title='bbox 1323 979 1426 1016; x_wconf 83' lang='lat' dir='ltr'><strong>entia</strong></span> <span class='ocrx_word' id='word_1_171' title='bbox 1438 978 1489 1012; x_wconf 82' lang='lat' dir='ltr'><strong>ita</strong></span> 
     </span>
     <span class='ocr_line' id='line_1_20' title="bbox 20 1025 1492 1084; baseline -0.015 -3"><span class='ocrx_word' id='word_1_172' title='bbox 20 1043 133 1080; x_wconf 84' lang='lat' dir='ltr'><strong>modi</strong></span> <span class='ocrx_word' id='word_1_173' title='bbox 168 1041 330 1079; x_wconf 80' lang='lat' dir='ltr'><strong>carmina</strong></span> <span class='ocrx_word' id='word_1_174' title='bbox 367 1040 565 1076; x_wconf 84' lang='lat' dir='ltr'><strong>maximam</strong></span> <span class='ocrx_word' id='word_1_175' title='bbox 599 1040 744 1084; x_wconf 87' lang='lat' dir='ltr'><strong>partem</strong></span> <span class='ocrx_word' id='word_1_176' title='bbox 769 1034 882 1078; x_wconf 79' lang='lat' dir='ltr'><strong>rexit,</strong></span> <span class='ocrx_word' id='word_1_177' title='bbox 913 1036 956 1067; x_wconf 91' lang='lat' dir='ltr'><strong>ut</strong></span> <span class='ocrx_word' id='word_1_178' title='bbox 980 1030 1269 1066; x_wconf 85' lang='lat' dir='ltr'><strong>translationum</strong></span> <span class='ocrx_word' id='word_1_179' title='bbox 1293 1025 1492 1062; x_wconf 87' lang='lat' dir='ltr'><strong>audaciam</strong></span> 
     </span>
     <span class='ocr_line' id='line_1_21' title="bbox 33 1072 1493 1132; baseline -0.016 -5"><span class='ocrx_word' id='word_1_180' title='bbox 33 1088 150 1126; x_wconf 85' lang='lat' dir='ltr'><strong>videri</strong></span> <span class='ocrx_word' id='word_1_181' title='bbox 171 1087 349 1124; x_wconf 86' lang='lat' dir='ltr'><strong>iuvenilia</strong></span> <span class='ocrx_word' id='word_1_182' title='bbox 367 1090 406 1122; x_wconf 90' lang='lat' dir='ltr'><strong>et</strong></span> <span class='ocrx_word' id='word_1_183' title='bbox 422 1085 552 1132; x_wconf 83' lang='lat' dir='ltr'><strong>paucis</strong></span> <span class='ocrx_word' id='word_1_184' title='bbox 579 1082 745 1128; x_wconf 85' lang='lat' dir='ltr'><strong>exceptis</strong></span> <span class='ocrx_word' id='word_1_185' title='bbox 770 1077 1036 1125; x_wconf 84' lang='lat' dir='ltr'><strong>temperaverit</strong></span> <span class='ocrx_word' id='word_1_186' title='bbox 1049 1072 1493 1118; x_wconf 88' lang='lat' dir='ltr'><strong>verecundia,verborum</strong></span> 
     </span>
     <span class='ocr_line' id='line_1_22' title="bbox 0 1116 1493 1182; baseline -0.015 -10"><span class='ocrx_word' id='word_1_187' title='bbox 0 1171 1 1182; x_wconf 23' lang='lat'>¹</span> <span class='ocrx_word' id='word_1_188' title='bbox 32 1135 93 1172; x_wconf 80' lang='lat' dir='ltr'><strong>vel</strong></span> <span class='ocrx_word' id='word_1_189' title='bbox 114 1134 232 1182; x_wconf 86' lang='lat' dir='ltr'><strong>primo</strong></span> <span class='ocrx_word' id='word_1_190' title='bbox 256 1133 318 1170; x_wconf 82' lang='lat' dir='ltr'><strong>vel</strong></span> <span class='ocrx_word' id='word_1_191' title='bbox 340 1132 452 1168; x_wconf 85' lang='lat' dir='ltr'><strong>tertio</strong></span> <span class='ocrx_word' id='word_1_192' title='bbox 482 1131 580 1166; x_wconf 89' lang='lat' dir='ltr'><strong>libro</strong></span> <span class='ocrx_word' id='word_1_193' title='bbox 605 1129 747 1164; x_wconf 85' lang='lat' dir='ltr'><strong>inserta</strong></span> <span class='ocrx_word' id='word_1_194' title='bbox 770 1124 1013 1161; x_wconf 84' lang='lat' dir='ltr'><strong>insolentiam</strong></span> <span class='ocrx_word' id='word_1_195' title='bbox 1059 1120 1290 1168; x_wconf 87' lang='lat' dir='ltr'><strong>mitigaverit</strong></span> <span class='ocrx_word' id='word_1_196' title='bbox 1324 1116 1493 1160; x_wconf 89' lang='lat' dir='ltr'><strong>lenitate,</strong></span> 
     </span>
     <span class='ocr_line' id='line_1_23' title="bbox 35 1162 1495 1224; baseline -0.014 -6"><span class='ocrx_word' id='word_1_197' title='bbox 35 1192 129 1218; x_wconf 70' lang='lat' dir='ltr'><strong>esse.</strong></span> <span class='ocrx_word' id='word_1_198' title='bbox 163 1179 344 1216; x_wconf 83' lang='lat' dir='ltr'><strong>Nimirum</strong></span> <span class='ocrx_word' id='word_1_199' title='bbox 355 1177 496 1224; x_wconf 87' lang='lat' dir='ltr'><strong>primus</strong></span> <span class='ocrx_word' id='word_1_200' title='bbox 508 1177 605 1211; x_wconf 89' lang='lat' dir='ltr'><strong>liber</strong></span> <span class='ocrx_word' id='word_1_201' title='bbox 618 1175 747 1220; x_wconf 91' lang='lat' dir='ltr'><strong>utique</strong></span> <span class='ocrx_word' id='word_1_202' title='bbox 773 1171 920 1217; x_wconf 89' lang='lat' dir='ltr'><strong>copiam</strong></span> <span class='ocrx_word' id='word_1_203' title='bbox 939 1174 976 1205; x_wconf 90' lang='lat' dir='ltr'><strong>et</strong></span> <span class='ocrx_word' id='word_1_204' title='bbox 999 1169 1211 1204; x_wconf 88' lang='lat' dir='ltr'><strong>ubertatem</strong></span> <span class='ocrx_word' id='word_1_205' title='bbox 1235 1162 1495 1201; x_wconf 88' lang='lat' dir='ltr'><strong>moderatione</strong></span> 
     </span>
     <span class='ocr_line' id='line_1_24' title="bbox 0 1209 1496 1268; baseline -0.015 -4"><span class='ocrx_word' id='word_1_206' title='bbox 0 1241 1 1244; x_wconf 50' lang='lat'>¹</span> <span class='ocrx_word' id='word_1_207' title='bbox 36 1226 200 1264; x_wconf 83' lang='lat' dir='ltr'><strong>carmina</strong></span> <span class='ocrx_word' id='word_1_208' title='bbox 224 1224 392 1261; x_wconf 87' lang='lat' dir='ltr'><strong>continet</strong></span> <span class='ocrx_word' id='word_1_209' title='bbox 415 1235 439 1259; x_wconf 85' lang='lat' dir='ltr'><strong>a</strong></span> <span class='ocrx_word' id='word_1_210' title='bbox 461 1226 576 1268; x_wconf 87' lang='lat' dir='ltr'><strong>poeta</strong></span> <span class='ocrx_word' id='word_1_211' title='bbox 604 1220 678 1256; x_wconf 88' lang='lat' dir='ltr'><strong>iam</strong></span> <span class='ocrx_word' id='word_1_212' title='bbox 703 1230 747 1254; x_wconf 92' lang='lat' dir='ltr'><strong>eo</strong></span> <span class='ocrx_word' id='word_1_213' title='bbox 773 1216 915 1264; x_wconf 87' lang='lat' dir='ltr'><strong>ingenii</strong></span> <span class='ocrx_word' id='word_1_214' title='bbox 935 1213 1225 1260; x_wconf 78' lang='lat' dir='ltr'><strong>compescuerit3</strong></span> <span class='ocrx_word' id='word_1_215' title='bbox 1249 1209 1418 1256; x_wconf 89' lang='lat' dir='ltr'><strong>inprimis</strong></span> <span class='ocrx_word' id='word_1_216' title='bbox 1444 1211 1496 1243; x_wconf 90' lang='lat' dir='ltr'><strong>et-</strong></span> 
     </span>
     <span class='ocr_line' id='line_1_25' title="bbox 35 1255 1498 1319; baseline -0.015 -9"><span class='ocrx_word' id='word_1_217' title='bbox 35 1279 201 1319; x_wconf 88' lang='lat' dir='ltr'><strong>tempore</strong></span> <span class='ocrx_word' id='word_1_218' title='bbox 215 1270 398 1314; x_wconf 88' lang='lat' dir='ltr'><strong>confecta,</strong></span> <span class='ocrx_word' id='word_1_219' title='bbox 408 1279 481 1315; x_wconf 92' lang='lat' dir='ltr'><strong>quo</strong></span> <span class='ocrx_word' id='word_1_220' title='bbox 495 1268 651 1314; x_wconf 88' lang='lat' dir='ltr'><strong>primum</strong></span> <span class='ocrx_word' id='word_1_221' title='bbox 665 1265 750 1311; x_wconf 81' lang='lat' dir='ltr'><strong>lyri-</strong></span> <span class='ocrx_word' id='word_1_222' title='bbox 774 1265 848 1299; x_wconf 92' lang='lat' dir='ltr'><strong>iam</strong></span> <span class='ocrx_word' id='word_1_223' title='bbox 865 1273 989 1298; x_wconf 89' lang='lat' dir='ltr'><strong>rerum</strong></span> <span class='ocrx_word' id='word_1_224' title='bbox 1010 1259 1196 1306; x_wconf 85' lang='lat' dir='ltr'><strong>expositio</strong></span> <span class='ocrx_word' id='word_1_225' title='bbox 1212 1269 1256 1294; x_wconf 90' lang='lat' dir='ltr'><strong>ea</strong></span> <span class='ocrx_word' id='word_1_226' title='bbox 1276 1260 1346 1301; x_wconf 90' lang='lat' dir='ltr'><strong>est,</strong></span> <span class='ocrx_word' id='word_1_227' title='bbox 1363 1255 1403 1290; x_wconf 91' lang='lat' dir='ltr'><strong>in</strong></span> <span class='ocrx_word' id='word_1_228' title='bbox 1423 1265 1498 1300; x_wconf 90' lang='lat' dir='ltr'><strong>qua</strong></span> 
     </span>
     <span class='ocr_line' id='line_1_26' title="bbox 39 1305 1497 1364; baseline -0.015 -8"><span class='ocrx_word' id='word_1_229' title='bbox 39 1318 264 1364; x_wconf 80' lang='lat' dir='ltr'><strong>eampoesin</strong></span> <span class='ocrx_word' id='word_1_230' title='bbox 283 1326 457 1352; x_wconf 88' lang='lat' dir='ltr'><strong>exercere</strong></span> <span class='ocrx_word' id='word_1_231' title='bbox 475 1312 655 1355; x_wconf 67' lang='lat' dir='ltr'><strong>instituit,</strong></span> <span class='ocrx_word' id='word_1_232' title='bbox 679 1317 750 1346; x_wconf 89' lang='lat' dir='ltr'><strong>ter·</strong></span> <span class='ocrx_word' id='word_1_233' title='bbox 775 1312 927 1356; x_wconf 88' lang='lat' dir='ltr'><strong>poetam</strong></span> <span class='ocrx_word' id='word_1_234' title='bbox 952 1306 1146 1342; x_wconf 84' lang='lat' dir='ltr'><strong>fatendum</strong></span> <span class='ocrx_word' id='word_1_235' title='bbox 1172 1305 1220 1339; x_wconf 91' lang='lat' dir='ltr'><strong>sit</strong></span> <span class='ocrx_word' id='word_1_236' title='bbox 1246 1313 1388 1338; x_wconf 89' lang='lat' dir='ltr'><strong>summa</strong></span> <span class='ocrx_word' id='word_1_237' title='bbox 1414 1311 1497 1335; x_wconf 88' lang='lat' dir='ltr'><strong>cum</strong></span> 
     </span>
     <span class='ocr_line' id='line_1_27' title="bbox 0 1344 1499 1404; baseline -0.014 -3"><span class='ocrx_word' id='word_1_238' title='bbox 0 1387 2 1389; x_wconf 96' lang='lat'>-</span> <span class='ocrx_word' id='word_1_239' title='bbox 38 1365 110 1400; x_wconf 84' lang='lat' dir='ltr'><strong>tius</strong></span> <span class='ocrx_word' id='word_1_240' title='bbox 123 1367 248 1399; x_wconf 84' lang='lat' dir='ltr'><strong>autem</strong></span> <span class='ocrx_word' id='word_1_241' title='bbox 260 1363 356 1398; x_wconf 91' lang='lat' dir='ltr'><strong>liber</strong></span> <span class='ocrx_word' id='word_1_242' title='bbox 369 1372 434 1396; x_wconf 91' lang='lat' dir='ltr'><strong>cur</strong></span> <span class='ocrx_word' id='word_1_243' title='bbox 445 1361 563 1395; x_wconf 90' lang='lat' dir='ltr'><strong>multa</strong></span> <span class='ocrx_word' id='word_1_244' title='bbox 580 1358 619 1392; x_wconf 92' lang='lat' dir='ltr'><strong>id</strong></span> <span class='ocrx_word' id='word_1_245' title='bbox 633 1368 751 1404; x_wconf 87' lang='lat' dir='ltr'><strong>genus</strong></span> <span class='ocrx_word' id='word_1_246' title='bbox 778 1354 947 1391; x_wconf 87' lang='lat' dir='ltr'><strong>sollertia</strong></span> <span class='ocrx_word' id='word_1_247' title='bbox 976 1356 1165 1388; x_wconf 88' lang='lat' dir='ltr'><strong>versatum</strong></span> <span class='ocrx_word' id='word_1_248' title='bbox 1196 1361 1291 1386; x_wconf 89' lang='lat' dir='ltr'><strong>esse.</strong></span> <span class='ocrx_word' id='word_1_249' title='bbox 1350 1344 1499 1382; x_wconf 88' lang='lat' dir='ltr'><strong>Etenim</strong></span> 
     </span>
     <span class='ocr_line' id='line_1_28' title="bbox 16 1391 1498 1456; baseline -0.015 -9"><span class='ocrx_word' id='word_1_250' title='bbox 16 1432 18 1434; x_wconf 95' lang='lat'>-</span> <span class='ocrx_word' id='word_1_251' title='bbox 38 1410 324 1456; x_wconf 84' lang='lat' dir='ltr'><strong>complectatur,</strong></span> <span class='ocrx_word' id='word_1_252' title='bbox 345 1406 448 1442; x_wconf 86' lang='lat' dir='ltr'><strong>exiis</strong></span> <span class='ocrx_word' id='word_1_253' title='bbox 496 1403 635 1448; x_wconf 86' lang='lat' dir='ltr'><strong>atefiet,</strong></span> <span class='ocrx_word' id='word_1_254' title='bbox 656 1414 751 1449; x_wconf 89' lang='lat' dir='ltr'><strong>quae</strong></span> <span class='ocrx_word' id='word_1_255' title='bbox 777 1402 935 1448; x_wconf 87' lang='lat' dir='ltr'><strong>primum</strong></span> <span class='ocrx_word' id='word_1_256' title='bbox 950 1399 1111 1446; x_wconf 90' lang='lat' dir='ltr'><strong>quidem,</strong></span> <span class='ocrx_word' id='word_1_257' title='bbox 1132 1397 1234 1443; x_wconf 86' lang='lat' dir='ltr'><strong>quod</strong></span> <span class='ocrx_word' id='word_1_258' title='bbox 1252 1395 1334 1440; x_wconf 89' lang='lat' dir='ltr'><strong>ipse</strong></span> <span class='ocrx_word' id='word_1_259' title='bbox 1354 1393 1394 1428; x_wconf 90' lang='lat' dir='ltr'><strong>in</strong></span> <span class='ocrx_word' id='word_1_260' title='bbox 1406 1391 1498 1426; x_wconf 87' lang='lat' dir='ltr'><strong>Arte</strong></span> 
     </span>
     <span class='ocr_line' id='line_1_29' title="bbox 19 1439 1500 1504; baseline -0.014 -11"><span class='ocrx_word' id='word_1_261' title='bbox 19 1471 21 1475; x_wconf 56' lang='lat'><strong>¹</strong></span> <span class='ocrx_word' id='word_1_262' title='bbox 38 1459 126 1504; x_wconf 80' lang='lat' dir='ltr'><strong>post</strong></span> <span class='ocrx_word' id='word_1_263' title='bbox 135 1455 264 1502; x_wconf 84' lang='lat' dir='ltr'><strong>paullo</strong></span> <span class='ocrx_word' id='word_1_264' title='bbox 273 1455 320 1490; x_wconf 90' lang='lat' dir='ltr'><strong>de</strong></span> <span class='ocrx_word' id='word_1_265' title='bbox 327 1453 437 1488; x_wconf 86' lang='lat' dir='ltr'><strong>huius</strong></span> <span class='ocrx_word' id='word_1_266' title='bbox 450 1453 476 1486; x_wconf 92' lang='lat' dir='ltr'>h</span> <span class='ocrx_word' id='word_1_267' title='bbox 506 1451 536 1486; x_wconf 92' lang='lat' dir='ltr'><strong>ri</strong></span> <span class='ocrx_word' id='word_1_268' title='bbox 546 1449 753 1495; x_wconf 82' lang='lat' dir='ltr'><strong>originibus</strong></span> <span class='ocrx_word' id='word_1_269' title='bbox 778 1447 936 1483; x_wconf 85' lang='lat' dir='ltr'><strong>Poetica</strong></span> <span class='ocrx_word' id='word_1_270' title='bbox 948 1457 981 1480; x_wconf 88' lang='lat' dir='ltr'><strong>v.</strong></span> <span class='ocrx_word' id='word_1_271' title='bbox 989 1444 1044 1479; x_wconf 83' lang='lat'><strong>23.</strong></span> <span class='ocrx_word' id='word_1_272' title='bbox 1054 1443 1200 1479; x_wconf 89' lang='lat' dir='ltr'><strong>censuit</strong></span> <span class='ocrx_word' id='word_1_273' title='bbox 1212 1441 1344 1488; x_wconf 81' lang='lat' dir='ltr'><strong>quidvis</strong></span> <span class='ocrx_word' id='word_1_274' title='bbox 1356 1439 1500 1484; x_wconf 72' lang='lat' dir='ltr'><strong>simplex</strong></span> 
     </span>
     <span class='ocr_line' id='line_1_30' title="bbox 40 1483 1501 1549; baseline -0.014 -11"><span class='ocrx_word' id='word_1_275' title='bbox 40 1499 243 1549; x_wconf 77' lang='lat' dir='ltr'><strong>exposituri</strong></span> <span class='ocrx_word' id='word_1_276' title='bbox 257 1511 392 1535; x_wconf 86' lang='lat' dir='ltr'><strong>sumus.</strong></span> <span class='ocrx_word' id='word_1_277' title='bbox 429 1497 505 1533; x_wconf 88' lang='lat' dir='ltr'><strong>Sed</strong></span> <span class='ocrx_word' id='word_1_278' title='bbox 517 1497 591 1532; x_wconf 91' lang='lat' dir='ltr'><strong>hoc</strong></span> <span class='ocrx_word' id='word_1_279' title='bbox 605 1495 754 1541; x_wconf 89' lang='lat' dir='ltr'><strong>quidem</strong></span> <span class='ocrx_word' id='word_1_280' title='bbox 779 1496 946 1529; x_wconf 77' lang='lat' dir='ltr'><strong>duntaxat</strong></span> <span class='ocrx_word' id='word_1_281' title='bbox 966 1497 997 1526; x_wconf 82' lang='lat' dir='ltr'><strong>et</strong></span> <span class='ocrx_word' id='word_1_282' title='bbox 1019 1502 1126 1525; x_wconf 83' lang='lat' dir='ltr'><strong>unum</strong></span> <span class='ocrx_word' id='word_1_283' title='bbox 1150 1501 1221 1524; x_wconf 89' lang='lat' dir='ltr'><strong>esse</strong></span> <span class='ocrx_word' id='word_1_284' title='bbox 1245 1489 1434 1540; x_wconf 84' lang='lat' dir='ltr'><strong>oportere,</strong></span> <span class='ocrx_word' id='word_1_285' title='bbox 1459 1483 1501 1517; x_wconf 88' lang='lat' dir='ltr'><strong>id</strong></span> 
     </span>
     <span class='ocr_line' id='line_1_31' title="bbox 41 1529 1501 1589; baseline -0.014 -5"><span class='ocrx_word' id='word_1_286' title='bbox 41 1550 123 1584; x_wconf 75' lang='lat' dir='ltr'><strong>utut</strong></span> <span class='ocrx_word' id='word_1_287' title='bbox 135 1557 217 1583; x_wconf 83' lang='lat' dir='ltr'><strong>sese</strong></span> <span class='ocrx_word' id='word_1_288' title='bbox 224 1545 352 1589; x_wconf 88' lang='lat' dir='ltr'><strong>habet,</strong></span> <span class='ocrx_word' id='word_1_289' title='bbox 359 1544 454 1580; x_wconf 84' lang='lat' dir='ltr'><strong>illud</strong></span> <span class='ocrx_word' id='word_1_290' title='bbox 462 1547 561 1579; x_wconf 89' lang='lat' dir='ltr'><strong>certe</strong></span> <span class='ocrx_word' id='word_1_291' title='bbox 569 1542 642 1578; x_wconf 89' lang='lat' dir='ltr'><strong>iam</strong></span> <span class='ocrx_word' id='word_1_292' title='bbox 650 1552 755 1586; x_wconf 87' lang='lat' dir='ltr'><strong>aper-</strong></span> <span class='ocrx_word' id='word_1_293' title='bbox 779 1540 817 1575; x_wconf 92' lang='lat' dir='ltr'><strong>in</strong></span> <span class='ocrx_word' id='word_1_294' title='bbox 845 1538 947 1573; x_wconf 85' lang='lat' dir='ltr'><strong>rimis</strong></span> <span class='ocrx_word' id='word_1_295' title='bbox 961 1536 1071 1573; x_wconf 85' lang='lat' dir='ltr'><strong>etiam</strong></span> <span class='ocrx_word' id='word_1_296' title='bbox 1084 1535 1122 1570; x_wconf 92' lang='lat' dir='ltr'><strong>in</strong></span> <span class='ocrx_word' id='word_1_297' title='bbox 1132 1533 1358 1570; x_wconf 77' lang='lat' dir='ltr'><strong>carminibus</strong></span> <span class='ocrx_word' id='word_1_298' title='bbox 1372 1532 1384 1565; x_wconf 95' lang='lat' dir='ltr'><strong>l</strong></span> <span class='ocrx_word' id='word_1_299' title='bbox 1435 1529 1501 1565; x_wconf 84' lang='lat' dir='ltr'><strong>&#39;cis</strong></span> 
     </span>
     <span class='ocr_line' id='line_1_32' title="bbox 20 1576 1504 1634; baseline -0.013 -4"><span class='ocrx_word' id='word_1_300' title='bbox 20 1597 119 1630; x_wconf 67' lang='lat' dir='ltr'><strong>‘mm</strong></span> <span class='ocrx_word' id='word_1_301' title='bbox 142 1592 224 1629; x_wconf 77' lang='lat' dir='ltr'><strong>fore</strong></span> <span class='ocrx_word' id='word_1_302' title='bbox 250 1590 513 1634; x_wconf 86' lang='lat' dir='ltr'><strong>existimamus,</strong></span> <span class='ocrx_word' id='word_1_303' title='bbox 539 1587 756 1633; x_wconf 91' lang='lat' dir='ltr'><strong>neutiquam</strong></span> <span class='ocrx_word' id='word_1_304' title='bbox 782 1586 820 1621; x_wconf 91' lang='lat' dir='ltr'><strong>di</strong></span> <span class='ocrx_word' id='word_1_305' title='bbox 835 1583 1067 1631; x_wconf 86' lang='lat' dir='ltr'><strong>igentissime</strong></span> <span class='ocrx_word' id='word_1_306' title='bbox 1094 1579 1320 1617; x_wconf 80' lang='lat' dir='ltr'><strong>observavit.</strong></span> <span class='ocrx_word' id='word_1_307' title='bbox 1413 1576 1504 1612; x_wconf 86' lang='lat' dir='ltr'><strong>abet</strong></span> 
     </span>
     <span class='ocr_line' id='line_1_33' title="bbox 43 1628 1504 1675; baseline -0.013 0"><span class='ocrx_word' id='word_1_308' title='bbox 43 1637 242 1675; x_wconf 83' lang='lat' dir='ltr'><strong>Horatium</strong></span> <span class='ocrx_word' id='word_1_309' title='bbox 265 1635 410 1673; x_wconf 86' lang='lat' dir='ltr'><strong>servilis</strong></span> <span class='ocrx_word' id='word_1_310' title='bbox 440 1633 659 1670; x_wconf 86' lang='lat' dir='ltr'><strong>imitationis</strong></span> <span class='ocrx_word' id='word_1_311' title='bbox 690 1631 756 1668; x_wconf 91' lang='lat' dir='ltr'><strong>cri·</strong></span> <span class='ocrx_word' id='word_1_312' title='bbox 783 1631 881 1668; x_wconf 91' lang='lat' dir='ltr'><strong>enim</strong></span> <span class='ocrx_word' id='word_1_313' title='bbox 917 1628 1212 1674; x_wconf 89' lang='lat' dir='ltr'><strong>unumquodque</strong></span> <span class='ocrx_word' id='word_1_314' title='bbox 1246 1635 1396 1660; x_wconf 86' lang='lat' dir='ltr'><strong>carmen</strong></span> <span class='ocrx_word' id='word_1_315' title='bbox 1426 1631 1504 1657; x_wconf 90' lang='lat' dir='ltr'><strong>non</strong></span> 
     </span>
     <span class='ocr_line' id='line_1_34' title="bbox 44 1669 1504 1725; baseline -0.013 -4"><span class='ocrx_word' id='word_1_316' title='bbox 44 1684 133 1721; x_wconf 86' lang='lat' dir='ltr'><strong>mini</strong></span> <span class='ocrx_word' id='word_1_317' title='bbox 157 1694 240 1720; x_wconf 85' lang='lat' dir='ltr'><strong>csse</strong></span> <span class='ocrx_word' id='word_1_318' title='bbox 267 1681 480 1718; x_wconf 89' lang='lat' dir='ltr'><strong>obnoxium.</strong></span> <span class='ocrx_word' id='word_1_319' title='bbox 524 1680 597 1722; x_wconf 81' lang='lat' dir='ltr'><strong>Qui</strong></span> <span class='ocrx_word' id='word_1_320' title='bbox 616 1680 647 1714; x_wconf 90' lang='lat' dir='ltr'><strong>si</strong></span> <span class='ocrx_word' id='word_1_321' title='bbox 661 1689 757 1725; x_wconf 90' lang='lat' dir='ltr'><strong>quae</strong></span> <span class='ocrx_word' id='word_1_322' title='bbox 782 1677 894 1713; x_wconf 91' lang='lat' dir='ltr'><strong>modo</strong></span> <span class='ocrx_word' id='word_1_323' title='bbox 921 1679 1062 1711; x_wconf 88' lang='lat' dir='ltr'><strong>certum</strong></span> <span class='ocrx_word' id='word_1_324' title='bbox 1083 1673 1269 1720; x_wconf 89' lang='lat' dir='ltr'><strong>quendam</strong></span> <span class='ocrx_word' id='word_1_325' title='bbox 1289 1669 1403 1706; x_wconf 90' lang='lat' dir='ltr'><strong>animi</strong></span> <span class='ocrx_word' id='word_1_326' title='bbox 1422 1679 1504 1703; x_wconf 89' lang='lat' dir='ltr'><strong>sen-</strong></span> 
     </span>
     <span class='ocr_line' id='line_1_35' title="bbox 45 1713 1506 1769; baseline -0.013 -3"><span class='ocrx_word' id='word_1_327' title='bbox 45 1729 193 1766; x_wconf 79' lang='lat' dir='ltr'><strong>fidelius</strong></span> <span class='ocrx_word' id='word_1_328' title='bbox 213 1739 258 1764; x_wconf 88' lang='lat' dir='ltr'><strong>ex</strong></span> <span class='ocrx_word' id='word_1_329' title='bbox 272 1727 427 1765; x_wconf 84' lang='lat' dir='ltr'><strong>Graecis</strong></span> <span class='ocrx_word' id='word_1_330' title='bbox 440 1726 579 1762; x_wconf 90' lang='lat' dir='ltr'><strong>Latina</strong></span> <span class='ocrx_word' id='word_1_331' title='bbox 596 1725 700 1769; x_wconf 87' lang='lat' dir='ltr'><strong>fecit,</strong></span> <span class='ocrx_word' id='word_1_332' title='bbox 720 1724 758 1758; x_wconf 91' lang='lat' dir='ltr'><strong>id</strong></span> <span class='ocrx_word' id='word_1_333' title='bbox 785 1735 865 1759; x_wconf 88' lang='lat' dir='ltr'><strong>sum</strong></span> <span class='ocrx_word' id='word_1_334' title='bbox 874 1725 911 1758; x_wconf 87' lang='lat' dir='ltr'><strong>et</strong></span> <span class='ocrx_word' id='word_1_335' title='bbox 924 1720 1110 1764; x_wconf 87' lang='lat' dir='ltr'><strong>affectum,</strong></span> <span class='ocrx_word' id='word_1_336' title='bbox 1121 1719 1185 1765; x_wconf 90' lang='lat' dir='ltr'><strong>qui</strong></span> <span class='ocrx_word' id='word_1_337' title='bbox 1198 1729 1265 1764; x_wconf 92' lang='lat' dir='ltr'><strong>per</strong></span> <span class='ocrx_word' id='word_1_338' title='bbox 1277 1720 1398 1752; x_wconf 88' lang='lat' dir='ltr'><strong>totum</strong></span> <span class='ocrx_word' id='word_1_339' title='bbox 1410 1713 1506 1748; x_wconf 90' lang='lat' dir='ltr'><strong>illud</strong></span> 
     </span>
     <span class='ocr_line' id='line_1_36' title="bbox 47 1761 1505 1822; baseline -0.012 -10"><span class='ocrx_word' id='word_1_340' title='bbox 47 1775 169 1822; x_wconf 76' lang='lat' dir='ltr'><strong>ipsum</strong></span> <span class='ocrx_word' id='word_1_341' title='bbox 193 1774 366 1810; x_wconf 85' lang='lat' dir='ltr'><strong>consulto</strong></span> <span class='ocrx_word' id='word_1_342' title='bbox 390 1773 444 1808; x_wconf 85' lang='lat' dir='ltr'><strong>ita</strong></span> <span class='ocrx_word' id='word_1_343' title='bbox 473 1772 610 1808; x_wconf 87' lang='lat' dir='ltr'><strong>fecisse</strong></span> <span class='ocrx_word' id='word_1_344' title='bbox 637 1770 759 1806; x_wconf 85' lang='lat' dir='ltr'><strong>existi-</strong></span> <span class='ocrx_word' id='word_1_345' title='bbox 786 1769 894 1816; x_wconf 86' lang='lat' dir='ltr'><strong>quasi</strong></span> <span class='ocrx_word' id='word_1_346' title='bbox 908 1766 1063 1802; x_wconf 87' lang='lat' dir='ltr'><strong>diffusus</strong></span> <span class='ocrx_word' id='word_1_347' title='bbox 1079 1770 1137 1800; x_wconf 90' lang='lat' dir='ltr'><strong>est</strong></span> <span class='ocrx_word' id='word_1_348' title='bbox 1150 1768 1265 1811; x_wconf 86' lang='lat' dir='ltr'><strong>atque</strong></span> <span class='ocrx_word' id='word_1_349' title='bbox 1280 1761 1505 1804; x_wconf 85' lang='lat' dir='ltr'><strong>dominatur,</strong></span> 
     </span>
     <span class='ocr_line' id='line_1_37' title="bbox 46 1808 1506 1865; baseline -0.012 -8"><span class='ocrx_word' id='word_1_350' title='bbox 46 1821 204 1857; x_wconf 74' lang='lat' dir='ltr'><strong>mandas</strong></span> <span class='ocrx_word' id='word_1_351' title='bbox 217 1823 292 1865; x_wconf 79' lang='lat' dir='ltr'><strong>est3</strong></span> <span class='ocrx_word' id='word_1_352' title='bbox 317 1822 480 1855; x_wconf 89' lang='lat' dir='ltr'><strong>ceterum</strong></span> <span class='ocrx_word' id='word_1_353' title='bbox 494 1822 619 1854; x_wconf 89' lang='lat' dir='ltr'><strong>autem</strong></span> <span class='ocrx_word' id='word_1_354' title='bbox 631 1828 708 1852; x_wconf 92' lang='lat' dir='ltr'><strong>non</strong></span> <span class='ocrx_word' id='word_1_355' title='bbox 719 1819 762 1851; x_wconf 90' lang='lat' dir='ltr'><strong>ut</strong></span> <span class='ocrx_word' id='word_1_356' title='bbox 787 1816 853 1851; x_wconf 87' lang='lat' dir='ltr'><strong>sed</strong></span> <span class='ocrx_word' id='word_1_357' title='bbox 867 1814 979 1850; x_wconf 88' lang='lat' dir='ltr'><strong>etiam</strong></span> <span class='ocrx_word' id='word_1_358' title='bbox 986 1811 1233 1858; x_wconf 88' lang='lat' dir='ltr'><strong>principalem</strong></span> <span class='ocrx_word' id='word_1_359' title='bbox 1246 1808 1411 1854; x_wconf 88' lang='lat' dir='ltr'><strong>aliquam</strong></span> <span class='ocrx_word' id='word_1_360' title='bbox 1426 1817 1506 1841; x_wconf 89' lang='lat' dir='ltr'><strong>sen-</strong></span> 
     </span>
     <span class='ocr_line' id='line_1_38' title="bbox 47 1851 1509 1922; baseline -0.012 -19"><span class='ocrx_word' id='word_1_361' title='bbox 47 1871 183 1922; x_wconf 80' lang='lat' dir='ltr'><strong>poetae</strong></span> <span class='ocrx_word' id='word_1_362' title='bbox 196 1869 341 1901; x_wconf 76' lang='lat' dir='ltr'><strong>veteres</strong></span> <span class='ocrx_word' id='word_1_363' title='bbox 354 1864 480 1900; x_wconf 87' lang='lat' dir='ltr'><strong>facere</strong></span> <span class='ocrx_word' id='word_1_364' title='bbox 495 1866 763 1900; x_wconf 88' lang='lat' dir='ltr'><strong>consueverant</strong></span> <span class='ocrx_word' id='word_1_365' title='bbox 786 1860 954 1904; x_wconf 87' lang='lat' dir='ltr'><strong>tentiam,</strong></span> <span class='ocrx_word' id='word_1_366' title='bbox 981 1859 1031 1894; x_wconf 88' lang='lat' dir='ltr'><strong>ad</strong></span> <span class='ocrx_word' id='word_1_367' title='bbox 1057 1869 1168 1904; x_wconf 90' lang='lat' dir='ltr'><strong>quam</strong></span> <span class='ocrx_word' id='word_1_368' title='bbox 1194 1855 1356 1901; x_wconf 89' lang='lat' dir='ltr'><strong>denique</strong></span> <span class='ocrx_word' id='word_1_369' title='bbox 1383 1851 1509 1888; x_wconf 90' lang='lat' dir='ltr'><strong>omnia</strong></span> 
     </span>
     <span class='ocr_line' id='line_1_39' title="bbox 50 1897 1510 1994; baseline -0.01 -47"><span class='ocrx_word' id='word_1_370' title='bbox 50 1923 100 1994; x_wconf 41' lang='grc' dir='ltr'><strong>ἂν.</strong></span> <span class='ocrx_word' id='word_1_371' title='bbox 122 1911 242 1957; x_wconf 82' lang='lat' dir='ltr'><strong>Epist.</strong></span> <span class='ocrx_word' id='word_1_372' title='bbox 259 1911 290 1946; x_wconf 89' lang='grc' dir='ltr'><strong>Ι.</strong></span> <span class='ocrx_word' id='word_1_373' title='bbox 307 1911 348 1957; x_wconf 85' lang='grc'><strong>3,</strong></span> <span class='ocrx_word' id='word_1_374' title='bbox 367 1909 525 1945; x_wconf 83' lang='grc'><strong>15-19.</strong></span> <span class='ocrx_word' id='word_1_375' title='bbox 550 1909 640 1945; x_wconf 89' lang='lat' dir='ltr'><strong>ibid.</strong></span> <span class='ocrx_word' id='word_1_376' title='bbox 656 1908 763 1942; x_wconf 90' lang='lat' dir='ltr'><strong>XIX.</strong></span> <span class='ocrx_word' id='word_1_377' title='bbox 788 1911 901 1953; x_wconf 88' lang='lat' dir='ltr'><strong>atque</strong></span> <span class='ocrx_word' id='word_1_378' title='bbox 922 1905 1072 1950; x_wconf 87' lang='lat' dir='ltr'><strong>singula</strong></span> <span class='ocrx_word' id='word_1_379' title='bbox 1090 1907 1280 1948; x_wconf 88' lang='lat' dir='ltr'><strong>tamquam</strong></span> <span class='ocrx_word' id='word_1_380' title='bbox 1301 1899 1392 1934; x_wconf 89' lang='lat' dir='ltr'><strong>solis</strong></span> <span class='ocrx_word' id='word_1_381' title='bbox 1411 1897 1510 1933; x_wconf 86' lang='lat' dir='ltr'><strong>radii</strong></span> 
     </span>
     <span class='ocr_line' id='line_1_40' title="bbox 72 1943 1510 2010; baseline -0.011 -16"><span class='ocrx_word' id='word_1_382' title='bbox 72 1955 247 2010; x_wconf 66' lang='lat' dir='ltr'><strong>Ssqq.A.</strong></span> <span class='ocrx_word' id='word_1_383' title='bbox 259 1956 303 1992; x_wconf 93' lang='lat' dir='ltr'><strong>P.</strong></span> <span class='ocrx_word' id='word_1_384' title='bbox 315 1968 349 1992; x_wconf 84' lang='lat' dir='ltr'><strong>v.</strong></span> <span class='ocrx_word' id='word_1_385' title='bbox 361 1955 438 1991; x_wconf 84' lang='lat'><strong>133.</strong></span> <span class='ocrx_word' id='word_1_386' title='bbox 453 1954 632 2003; x_wconf 82' lang='lat' dir='ltr'><strong>199.&gt;‚fidi</strong></span> <span class='ocrx_word' id='word_1_387' title='bbox 650 1954 762 1989; x_wconf 86' lang='lat' dir='ltr'><strong>inter·</strong></span> <span class='ocrx_word' id='word_1_388' title='bbox 789 1953 838 1988; x_wconf 88' lang='lat' dir='ltr'><strong>ad</strong></span> <span class='ocrx_word' id='word_1_389' title='bbox 862 1952 984 1996; x_wconf 87' lang='lat' dir='ltr'><strong>ipsum</strong></span> <span class='ocrx_word' id='word_1_390' title='bbox 1003 1950 1120 1985; x_wconf 89' lang='lat' dir='ltr'><strong>solem</strong></span> <span class='ocrx_word' id='word_1_391' title='bbox 1142 1947 1368 1983; x_wconf 88' lang='lat' dir='ltr'><strong>referuntur.</strong></span> <span class='ocrx_word' id='word_1_392' title='bbox 1414 1943 1510 1979; x_wconf 87' lang='lat' dir='ltr'><strong>Inde</strong></span> 
     </span>
     <span class='ocr_line' id='line_1_41' title="bbox 50 1988 1511 2051; baseline -0.01 -12"><span class='ocrx_word' id='word_1_393' title='bbox 50 2006 167 2050; x_wconf 70' lang='lat' dir='ltr'><strong>pretia</strong></span> <span class='ocrx_word' id='word_1_394' title='bbox 178 2002 589 2048; x_wconf 82' lang='lat' dir='ltr'><strong>moremodoque,quae</strong></span> <span class='ocrx_word' id='word_1_395' title='bbox 598 1999 764 2045; x_wconf 88' lang='lat' dir='ltr'><strong>scripsis-</strong></span> <span class='ocrx_word' id='word_1_396' title='bbox 788 1997 903 2051; x_wconf 79' lang='lat' dir='ltr'><strong>igitur</strong></span> <span class='ocrx_word' id='word_1_397' title='bbox 915 1995 1094 2030; x_wconf 90' lang='lat' dir='ltr'><strong>iudicium</strong></span> <span class='ocrx_word' id='word_1_398' title='bbox 1113 1995 1158 2029; x_wconf 90' lang='lat' dir='ltr'><strong>de</strong></span> <span class='ocrx_word' id='word_1_399' title='bbox 1179 1993 1361 2037; x_wconf 87' lang='lat' dir='ltr'><strong>cuiusque</strong></span> <span class='ocrx_word' id='word_1_400' title='bbox 1381 1988 1511 2025; x_wconf 87' lang='lat' dir='ltr'><strong>carmi-</strong></span> 
     </span>
     <span class='ocr_line' id='line_1_42' title="bbox 53 2034 1510 2101; baseline -0.01 -16"><span class='ocrx_word' id='word_1_401' title='bbox 53 2047 291 2101; x_wconf 63' lang='lat' dir='ltr'><strong>sentGrraeci,</strong></span> <span class='ocrx_word' id='word_1_402' title='bbox 304 2047 585 2092; x_wconf 87' lang='lat' dir='ltr'><strong>interpretando</strong></span> <span class='ocrx_word' id='word_1_403' title='bbox 600 2050 666 2082; x_wconf 91' lang='lat' dir='ltr'><strong>aut</strong></span> <span class='ocrx_word' id='word_1_404' title='bbox 679 2057 765 2080; x_wconf 89' lang='lat' dir='ltr'><strong>con·</strong></span> <span class='ocrx_word' id='word_1_405' title='bbox 790 2056 848 2079; x_wconf 89' lang='lat' dir='ltr'><strong>ms</strong></span> <span class='ocrx_word' id='word_1_406' title='bbox 863 2042 1020 2078; x_wconf 89' lang='lat' dir='ltr'><strong>consilio</strong></span> <span class='ocrx_word' id='word_1_407' title='bbox 1041 2045 1078 2076; x_wconf 91' lang='lat' dir='ltr'><strong>et</strong></span> <span class='ocrx_word' id='word_1_408' title='bbox 1092 2042 1312 2085; x_wconf 87' lang='lat' dir='ltr'><strong>argumento</strong></span> <span class='ocrx_word' id='word_1_409' title='bbox 1333 2034 1510 2082; x_wconf 86' lang='lat' dir='ltr'><strong>primario</strong></span> 
     </span>
     <span class='ocr_line' id='line_1_43' title="bbox 53 2081 1512 2148; baseline -0.01 -18"><span class='ocrx_word' id='word_1_410' title='bbox 53 2093 268 2148; x_wconf 70' lang='lat' dir='ltr'><strong>tammando</strong></span> <span class='ocrx_word' id='word_1_411' title='bbox 282 2093 440 2146; x_wconf 75' lang='lat' dir='ltr'><strong>reddere</strong></span> <span class='ocrx_word' id='word_1_412' title='bbox 455 2096 611 2128; x_wconf 89' lang='lat' dir='ltr'><strong>conatus</strong></span> <span class='ocrx_word' id='word_1_413' title='bbox 621 2097 688 2136; x_wconf 89' lang='lat' dir='ltr'><strong>est,</strong></span> <span class='ocrx_word' id='word_1_414' title='bbox 700 2091 767 2126; x_wconf 90' lang='lat' dir='ltr'><strong>sed</strong></span> <span class='ocrx_word' id='word_1_415' title='bbox 791 2088 911 2134; x_wconf 86' lang='lat' dir='ltr'><strong>repeti</strong></span> <span class='ocrx_word' id='word_1_416' title='bbox 925 2090 1085 2133; x_wconf 87' lang='lat' dir='ltr'><strong>oportet.</strong></span> <span class='ocrx_word' id='word_1_417' title='bbox 1123 2085 1235 2127; x_wconf 80' lang='lat' dir='ltr'><strong>Quod</strong></span> <span class='ocrx_word' id='word_1_418' title='bbox 1254 2088 1381 2119; x_wconf 88' lang='lat' dir='ltr'><strong>tamen</strong></span> <span class='ocrx_word' id='word_1_419' title='bbox 1399 2081 1512 2116; x_wconf 91' lang='lat' dir='ltr'><strong>inter-</strong></span> 
     </span>
     <span class='ocr_line' id='line_1_44' title="bbox 52 2126 1513 2184; baseline -0.01 -8"><span class='ocrx_word' id='word_1_420' title='bbox 52 2151 162 2176; x_wconf 85' lang='lat' dir='ltr'><strong>umce</strong></span> <span class='ocrx_word' id='word_1_421' title='bbox 174 2139 214 2174; x_wconf 85' lang='lat' dir='ltr'><strong>ld</strong></span> <span class='ocrx_word' id='word_1_422' title='bbox 227 2139 379 2184; x_wconf 80' lang='lat' dir='ltr'><strong>studuit,</strong></span> <span class='ocrx_word' id='word_1_423' title='bbox 392 2142 434 2173; x_wconf 90' lang='lat' dir='ltr'><strong>ut</strong></span> <span class='ocrx_word' id='word_1_424' title='bbox 447 2138 557 2174; x_wconf 89' lang='lat' dir='ltr'><strong>etiam</strong></span> <span class='ocrx_word' id='word_1_425' title='bbox 568 2149 691 2173; x_wconf 91' lang='lat' dir='ltr'><strong>rerum</strong></span> <span class='ocrx_word' id='word_1_426' title='bbox 703 2137 766 2171; x_wconf 87' lang='lat' dir='ltr'><strong>ha·</strong></span> <span class='ocrx_word' id='word_1_427' title='bbox 793 2136 880 2170; x_wconf 90' lang='lat' dir='ltr'><strong>dum</strong></span> <span class='ocrx_word' id='word_1_428' title='bbox 898 2145 976 2169; x_wconf 90' lang='lat' dir='ltr'><strong>non</strong></span> <span class='ocrx_word' id='word_1_429' title='bbox 995 2133 1090 2168; x_wconf 89' lang='lat' dir='ltr'><strong>adeo</strong></span> <span class='ocrx_word' id='word_1_430' title='bbox 1104 2131 1217 2166; x_wconf 89' lang='lat' dir='ltr'><strong>facile</strong></span> <span class='ocrx_word' id='word_1_431' title='bbox 1232 2133 1302 2165; x_wconf 89' lang='lat' dir='ltr'><strong>est.</strong></span> <span class='ocrx_word' id='word_1_432' title='bbox 1341 2126 1513 2163; x_wconf 86' lang='lat' dir='ltr'><strong>Callidis-</strong></span> 
     </span>
     <span class='ocr_line' id='line_1_45' title="bbox 53 2172 1513 2238; baseline -0.01 -16"><span class='ocrx_word' id='word_1_433' title='bbox 53 2186 134 2222; x_wconf 83' lang='lat' dir='ltr'><strong>bita</strong></span> <span class='ocrx_word' id='word_1_434' title='bbox 160 2185 308 2238; x_wconf 71' lang='lat' dir='ltr'><strong>ratione</strong></span> <span class='ocrx_word' id='word_1_435' title='bbox 334 2183 502 2220; x_wconf 82' lang='lat' dir='ltr'><strong>Graecae</strong></span> <span class='ocrx_word' id='word_1_436' title='bbox 532 2183 622 2219; x_wconf 84' lang='lat' dir='ltr'><strong>artis</strong></span> <span class='ocrx_word' id='word_1_437' title='bbox 655 2187 766 2228; x_wconf 89' lang='lat' dir='ltr'><strong>atque</strong></span> <span class='ocrx_word' id='word_1_438' title='bbox 793 2182 882 2216; x_wconf 87' lang='lat' dir='ltr'><strong>sime</strong></span> <span class='ocrx_word' id='word_1_439' title='bbox 897 2180 995 2216; x_wconf 90' lang='lat' dir='ltr'><strong>enim</strong></span> <span class='ocrx_word' id='word_1_440' title='bbox 1007 2182 1122 2224; x_wconf 88' lang='lat' dir='ltr'><strong>poeta</strong></span> <span class='ocrx_word' id='word_1_441' title='bbox 1139 2175 1308 2221; x_wconf 89' lang='lat' dir='ltr'><strong>inprimis</strong></span> <span class='ocrx_word' id='word_1_442' title='bbox 1327 2172 1513 2210; x_wconf 90' lang='lat' dir='ltr'><strong>incelsio-</strong></span> 
     </span>
     <span class='ocr_line' id='line_1_46' title="bbox 54 2218 1515 2275; baseline -0.01 -7"><span class='ocrx_word' id='word_1_443' title='bbox 54 2230 273 2268; x_wconf 79' lang='lat' dir='ltr'><strong>eruditionis</strong></span> <span class='ocrx_word' id='word_1_444' title='bbox 302 2230 419 2265; x_wconf 86' lang='lat' dir='ltr'><strong>virtus</strong></span> <span class='ocrx_word' id='word_1_445' title='bbox 456 2241 501 2265; x_wconf 88' lang='lat' dir='ltr'><strong>ac</strong></span> <span class='ocrx_word' id='word_1_446' title='bbox 535 2227 768 2275; x_wconf 85' lang='lat' dir='ltr'><strong>praestantia</strong></span> <span class='ocrx_word' id='word_1_447' title='bbox 791 2227 843 2262; x_wconf 88' lang='lat' dir='ltr'><strong>ris</strong></span> <span class='ocrx_word' id='word_1_448' title='bbox 869 2226 1021 2272; x_wconf 89' lang='lat' dir='ltr'><strong>spiritus</strong></span> <span class='ocrx_word' id='word_1_449' title='bbox 1049 2223 1276 2259; x_wconf 90' lang='lat' dir='ltr'><strong>carminibus</strong></span> <span class='ocrx_word' id='word_1_450' title='bbox 1301 2232 1384 2256; x_wconf 87' lang='lat' dir='ltr'><strong>eam</strong></span> <span class='ocrx_word' id='word_1_451' title='bbox 1406 2218 1515 2266; x_wconf 90' lang='lat' dir='ltr'><strong>quasi</strong></span> 
     </span>
     <span class='ocr_line' id='line_1_47' title="bbox 55 2264 1515 2357; baseline -0.01 -44"><span class='ocrx_word' id='word_1_452' title='bbox 55 2289 138 2314; x_wconf 84' lang='lat' dir='ltr'><strong>cum</strong></span> <span class='ocrx_word' id='word_1_453' title='bbox 155 2275 401 2357; x_wconf 45' lang='lat' dir='ltr'><strong>popularibus</strong></span> <span class='ocrx_word' id='word_1_454' title='bbox 426 2275 504 2311; x_wconf 90' lang='lat' dir='ltr'><strong>suis</strong></span> <span class='ocrx_word' id='word_1_455' title='bbox 524 2274 767 2311; x_wconf 87' lang='lat' dir='ltr'><strong>communica-</strong></span> <span class='ocrx_word' id='word_1_456' title='bbox 793 2271 1035 2309; x_wconf 89' lang='lat' dir='ltr'><strong>abscondidit</strong></span> <span class='ocrx_word' id='word_1_457' title='bbox 1059 2275 1098 2306; x_wconf 91' lang='lat' dir='ltr'><strong>et</strong></span> <span class='ocrx_word' id='word_1_458' title='bbox 1115 2269 1207 2314; x_wconf 89' lang='lat' dir='ltr'><strong>ipsis</strong></span> <span class='ocrx_word' id='word_1_459' title='bbox 1226 2266 1441 2314; x_wconf 89' lang='lat' dir='ltr'><strong>legentibus</strong></span> <span class='ocrx_word' id='word_1_460' title='bbox 1460 2264 1515 2299; x_wconf 90' lang='lat' dir='ltr'><strong>in-</strong></span> 
     </span>
     <span class='ocr_line' id='line_1_48' title="bbox 53 2310 1516 2375; baseline -0.01 -16"><span class='ocrx_word' id='word_1_461' title='bbox 53 2326 167 2360; x_wconf 85' lang='lat' dir='ltr'><strong>retur.</strong></span> <span class='ocrx_word' id='word_1_462' title='bbox 235 2333 400 2375; x_wconf 72' lang='lat' dir='ltr'><strong>nnnvero</strong></span> <span class='ocrx_word' id='word_1_463' title='bbox 419 2322 494 2357; x_wconf 86' lang='lat' dir='ltr'><strong>fuit</strong></span> <span class='ocrx_word' id='word_1_464' title='bbox 510 2321 605 2357; x_wconf 90' lang='lat' dir='ltr'><strong>haec</strong></span> <span class='ocrx_word' id='word_1_465' title='bbox 618 2320 766 2356; x_wconf 91' lang='lat' dir='ltr'><strong>omnino</strong></span> <span class='ocrx_word' id='word_1_466' title='bbox 793 2317 1055 2371; x_wconf 81' lang='lat' dir='ltr'><strong>vestigandam</strong></span> <span class='ocrx_word' id='word_1_467' title='bbox 1080 2314 1244 2361; x_wconf 88' lang='lat' dir='ltr'><strong>reliquit,</strong></span> <span class='ocrx_word' id='word_1_468' title='bbox 1279 2310 1516 2363; x_wconf 85' lang='lat' dir='ltr'><strong>quandoqui-</strong></span> 
     </span>
     <span class='ocr_line' id='line_1_49' title="bbox 107 2354 1517 2422; baseline -0.01 -18"><span class='ocrx_word' id='word_1_469' title='bbox 107 2372 250 2422; x_wconf 69' lang='lat' dir='ltr'><strong>etamm</strong></span> <span class='ocrx_word' id='word_1_470' title='bbox 272 2367 373 2421; x_wconf 76' lang='lat' dir='ltr'><strong>illius</strong></span> <span class='ocrx_word' id='word_1_471' title='bbox 391 2367 525 2403; x_wconf 86' lang='lat' dir='ltr'><strong>aetatis</strong></span> <span class='ocrx_word' id='word_1_472' title='bbox 543 2367 651 2408; x_wconf 88' lang='lat' dir='ltr'><strong>ratio,</strong></span> <span class='ocrx_word' id='word_1_473' title='bbox 671 2371 714 2401; x_wconf 91' lang='lat' dir='ltr'><strong>ut</strong></span> <span class='ocrx_word' id='word_1_474' title='bbox 730 2366 768 2400; x_wconf 92' lang='lat' dir='ltr'><strong>in</strong></span> <span class='ocrx_word' id='word_1_475' title='bbox 794 2366 878 2401; x_wconf 91' lang='lat' dir='ltr'><strong>dem</strong></span> <span class='ocrx_word' id='word_1_476' title='bbox 895 2376 934 2398; x_wconf 93' lang='lat' dir='ltr'><strong>1n</strong></span> <span class='ocrx_word' id='word_1_477' title='bbox 958 2363 1004 2397; x_wconf 87' lang='lat' dir='ltr'><strong>iis</strong></span> <span class='ocrx_word' id='word_1_478' title='bbox 1024 2366 1179 2407; x_wconf 89' lang='lat' dir='ltr'><strong>propter</strong></span> <span class='ocrx_word' id='word_1_479' title='bbox 1205 2359 1384 2394; x_wconf 89' lang='lat' dir='ltr'><strong>maiorem</strong></span> <span class='ocrx_word' id='word_1_480' title='bbox 1403 2354 1517 2392; x_wconf 86' lang='lat' dir='ltr'><strong>ammi</strong></span> 
     </span>
     <span class='ocr_line' id='line_1_50' title="bbox 54 2402 1516 2459; baseline -0.01 -8"><span class='ocrx_word' id='word_1_481' title='bbox 54 2414 236 2452; x_wconf 71' lang='lat' dir='ltr'><strong>mutando</strong></span> <span class='ocrx_word' id='word_1_482' title='bbox 259 2425 431 2449; x_wconf 87' lang='lat' dir='ltr'><strong>umverse</strong></span> <span class='ocrx_word' id='word_1_483' title='bbox 457 2416 673 2459; x_wconf 86' lang='lat' dir='ltr'><strong>spectarent</strong></span> <span class='ocrx_word' id='word_1_484' title='bbox 690 2413 768 2447; x_wconf 89' lang='lat' dir='ltr'><strong>lau·</strong></span> <span class='ocrx_word' id='word_1_485' title='bbox 795 2409 1082 2446; x_wconf 88' lang='lat' dir='ltr'><strong>commotionem</strong></span> <span class='ocrx_word' id='word_1_486' title='bbox 1100 2407 1203 2442; x_wconf 88' lang='lat' dir='ltr'><strong>illam</strong></span> <span class='ocrx_word' id='word_1_487' title='bbox 1216 2407 1373 2441; x_wconf 81' lang='lat' dir='ltr'><strong>exornat</strong></span> <span class='ocrx_word' id='word_1_488' title='bbox 1389 2402 1516 2449; x_wconf 88' lang='lat' dir='ltr'><strong>potius</strong></span> 
     </span>
     <span class='ocr_line' id='line_1_51' title="bbox 55 2449 1518 2514; baseline -0.01 -17"><span class='ocrx_word' id='word_1_489' title='bbox 55 2460 158 2514; x_wconf 44' lang='lat' dir='ltr'><strong>dem·</strong></span> <span class='ocrx_word' id='word_1_490' title='bbox 177 2459 419 2513; x_wconf 74' lang='lat' dir='ltr'><strong>perfectionis</strong></span> <span class='ocrx_word' id='word_1_491' title='bbox 447 2459 611 2506; x_wconf 89' lang='lat' dir='ltr'><strong>ideoque</strong></span> <span class='ocrx_word' id='word_1_492' title='bbox 646 2469 769 2494; x_wconf 89' lang='lat' dir='ltr'><strong>rerum</strong></span> <span class='ocrx_word' id='word_1_493' title='bbox 794 2453 1096 2503; x_wconf 83' lang='lat' dir='ltr'><strong>magnificentius</strong></span> <span class='ocrx_word' id='word_1_494' title='bbox 1117 2457 1154 2488; x_wconf 91' lang='lat' dir='ltr'><strong>et</strong></span> <span class='ocrx_word' id='word_1_495' title='bbox 1205 2451 1326 2487; x_wconf 88' lang='lat' dir='ltr'><strong>oetice</strong></span> <span class='ocrx_word' id='word_1_496' title='bbox 1351 2449 1518 2484; x_wconf 88' lang='lat' dir='ltr'><strong>illustrat</strong></span> 
     </span>
     <span class='ocr_line' id='line_1_52' title="bbox 52 2464 1519 2591; baseline -0.01 -49"><span class='ocrx_word' id='word_1_497' title='bbox 52 2506 203 2591; x_wconf 21' lang='lat' dir='ltr'><strong>imae?</strong></span> <span class='ocrx_word' id='word_1_498' title='bbox 220 2509 454 2552; x_wconf 80' lang='lat' dir='ltr'><strong>potissimum</strong></span> <span class='ocrx_word' id='word_1_499' title='bbox 467 2508 581 2551; x_wconf 89' lang='lat' dir='ltr'><strong>atque</strong></span> <span class='ocrx_word' id='word_1_500' title='bbox 594 2504 734 2540; x_wconf 86' lang='lat' dir='ltr'><strong>formas</strong></span> <span class='ocrx_word' id='word_1_501' title='bbox 748 2514 771 2538; x_wconf 93' lang='lat' dir='ltr'><strong>a</strong></span> <span class='ocrx_word' id='word_1_502' title='bbox 797 2514 908 2549; x_wconf 90' lang='lat' dir='ltr'><strong>quam</strong></span> <span class='ocrx_word' id='word_1_503' title='bbox 938 2504 1069 2546; x_wconf 88' lang='lat' dir='ltr'><strong>aperte</strong></span> <span class='ocrx_word' id='word_1_504' title='bbox 1101 2464 1279 2534; x_wconf 56' lang='lat' dir='ltr'><strong>declIarat.</strong></span> <span class='ocrx_word' id='word_1_505' title='bbox 1330 2494 1519 2538; x_wconf 80' lang='lat' dir='ltr'><strong>Quocirca</strong></span> 
     </span>
     <span class='ocr_line' id='line_1_53' title="bbox 139 2545 1518 2605; baseline -0.009 -18"><span class='ocrx_word' id='word_1_506' title='bbox 139 2563 216 2588; x_wconf 80' lang='lat' dir='ltr'><strong>eois</strong></span> <span class='ocrx_word' id='word_1_507' title='bbox 228 2554 452 2605; x_wconf 87' lang='lat' dir='ltr'><strong>repeterent,</strong></span> <span class='ocrx_word' id='word_1_508' title='bbox 476 2562 554 2586; x_wconf 89' lang='lat' dir='ltr'><strong>non</strong></span> <span class='ocrx_word' id='word_1_509' title='bbox 574 2561 595 2586; x_wconf 93' lang='grc' dir='ltr'>ο</span> <span class='ocrx_word' id='word_1_510' title='bbox 626 2561 691 2586; x_wconf 91' lang='lat' dir='ltr'><strong>era</strong></span> <span class='ocrx_word' id='word_1_511' title='bbox 710 2560 770 2585; x_wconf 87' lang='lat' dir='ltr'><strong>eo·</strong></span> <span class='ocrx_word' id='word_1_512' title='bbox 795 2554 874 2583; x_wconf 89' lang='lat' dir='ltr'><strong>tum</strong></span> <span class='ocrx_word' id='word_1_513' title='bbox 892 2548 945 2582; x_wconf 89' lang='lat' dir='ltr'><strong>ita</strong></span> <span class='ocrx_word' id='word_1_514' title='bbox 962 2545 1175 2581; x_wconf 87' lang='lat' dir='ltr'><strong>faciendum</strong></span> <span class='ocrx_word' id='word_1_515' title='bbox 1194 2547 1263 2587; x_wconf 84' lang='lat' dir='ltr'><strong>est,</strong></span> <span class='ocrx_word' id='word_1_516' title='bbox 1282 2545 1325 2576; x_wconf 87' lang='lat' dir='ltr'><strong>ut</strong></span> <span class='ocrx_word' id='word_1_517' title='bbox 1343 2552 1400 2586; x_wconf 92' lang='lat' dir='ltr'><strong>ea,</strong></span> <span class='ocrx_word' id='word_1_518' title='bbox 1420 2551 1518 2586; x_wconf 89' lang='lat' dir='ltr'><strong>quae</strong></span> 
     </span>
     <span class='ocr_line' id='line_1_54' title="bbox 52 2586 1518 2650; baseline -0.01 -16"><span class='ocrx_word' id='word_1_519' title='bbox 52 2605 142 2650; x_wconf 57' lang='lat' dir='ltr'><strong>m</strong></span> <span class='ocrx_word' id='word_1_520' title='bbox 160 2597 407 2643; x_wconf 79' lang='lat' dir='ltr'><strong>oompssarent</strong></span> <span class='ocrx_word' id='word_1_521' title='bbox 425 2600 490 2632; x_wconf 89' lang='lat' dir='ltr'><strong>aut</strong></span> <span class='ocrx_word' id='word_1_522' title='bbox 507 2596 604 2632; x_wconf 91' lang='lat' dir='ltr'><strong>servi</strong></span> <span class='ocrx_word' id='word_1_523' title='bbox 620 2596 692 2631; x_wconf 90' lang='lat' dir='ltr'><strong>iter</strong></span> <span class='ocrx_word' id='word_1_524' title='bbox 712 2607 771 2631; x_wconf 83' lang='lat' dir='ltr'><strong>ex·</strong></span> <span class='ocrx_word' id='word_1_525' title='bbox 795 2592 995 2640; x_wconf 87' lang='lat' dir='ltr'><strong>primariae</strong></span> <span class='ocrx_word' id='word_1_526' title='bbox 1015 2590 1223 2627; x_wconf 87' lang='lat' dir='ltr'><strong>sententiae</strong></span> <span class='ocrx_word' id='word_1_527' title='bbox 1248 2586 1518 2623; x_wconf 87' lang='lat' dir='ltr'><strong>illuminandae</strong></span> 
     </span>
     <span class='ocr_line' id='line_1_55' title="bbox 154 2634 1518 2697; baseline -0.01 -18.027"><span class='ocrx_word' id='word_1_528' title='bbox 154 2647 271 2697; x_wconf 74' lang='lat' dir='ltr'><strong>erent.</strong></span> <span class='ocrx_word' id='word_1_529' title='bbox 319 2642 403 2696; x_wconf 60' lang='lat' dir='ltr'><strong>Qua</strong></span> <span class='ocrx_word' id='word_1_530' title='bbox 426 2642 575 2688; x_wconf 82' lang='lat' dir='ltr'><strong>quidem</strong></span> <span class='ocrx_word' id='word_1_531' title='bbox 605 2641 773 2677; x_wconf 87' lang='lat' dir='ltr'><strong>sollertia</strong></span> <span class='ocrx_word' id='word_1_532' title='bbox 796 2638 1016 2683; x_wconf 88' lang='lat' dir='ltr'><strong>inserviunt,</strong></span> <span class='ocrx_word' id='word_1_533' title='bbox 1026 2635 1255 2684; x_wconf 83' lang='lat' dir='ltr'><strong>cogitatione</strong></span> <span class='ocrx_word' id='word_1_534' title='bbox 1268 2634 1368 2669; x_wconf 88' lang='lat' dir='ltr'><strong>inter</strong></span> <span class='ocrx_word' id='word_1_535' title='bbox 1381 2644 1420 2668; x_wconf 92' lang='lat' dir='ltr'><strong>se</strong></span> <span class='ocrx_word' id='word_1_536' title='bbox 1431 2643 1518 2667; x_wconf 92' lang='lat' dir='ltr'><strong>con-</strong></span> 
     </span>
     <span class='ocr_line' id='line_1_56' title="bbox 47 2677 1519 2740; baseline -0.009 -14"><span class='ocrx_word' id='word_1_537' title='bbox 47 2712 65 2726; x_wconf 63' lang='lat'><strong>,¹</strong></span> <span class='ocrx_word' id='word_1_538' title='bbox 81 2736 84 2737; x_wconf 19' lang='lat'><em>⁷</em></span> <span class='ocrx_word' id='word_1_539' title='bbox 103 2727 108 2730; x_wconf 70' lang='grc'><strong>,</strong></span> <span class='ocrx_word' id='word_1_540' title='bbox 134 2689 303 2736; x_wconf 64' lang='lat' dir='ltr'><strong>‘demque</strong></span> <span class='ocrx_word' id='word_1_541' title='bbox 320 2688 360 2723; x_wconf 89' lang='lat' dir='ltr'><strong>ld</strong></span> <span class='ocrx_word' id='word_1_542' title='bbox 380 2691 466 2723; x_wconf 80' lang='lat' dir='ltr'><strong>sunt</strong></span> <span class='ocrx_word' id='word_1_543' title='bbox 479 2687 712 2740; x_wconf 76' lang='lat' dir='ltr'><strong>consequuti,</strong></span> <span class='ocrx_word' id='word_1_544' title='bbox 731 2690 774 2722; x_wconf 91' lang='lat' dir='ltr'><strong>ut</strong></span> <span class='ocrx_word' id='word_1_545' title='bbox 796 2688 1006 2729; x_wconf 86' lang='lat' dir='ltr'><strong>nectantur,</strong></span> <span class='ocrx_word' id='word_1_546' title='bbox 1022 2685 1295 2729; x_wconf 87' lang='lat' dir='ltr'><strong>comparentur,</strong></span> <span class='ocrx_word' id='word_1_547' title='bbox 1305 2679 1392 2715; x_wconf 88' lang='lat' dir='ltr'><strong>deni</strong></span> <span class='ocrx_word' id='word_1_548' title='bbox 1420 2689 1467 2714; x_wconf 93' lang='lat' dir='ltr'><strong>ue</strong></span> <span class='ocrx_word' id='word_1_549' title='bbox 1479 2677 1519 2712; x_wconf 90' lang='lat' dir='ltr'><strong>in</strong></span> 
     </span>
    </p>
   </div>
   <div class='ocr_carea' id='block_1_4' title="bbox 41 2723 1519 2808">
    <p class='ocr_par' dir='ltr' id='par_1_4' title="bbox 41 2723 1519 2808">
     <span class='ocr_line' id='line_1_57' title="bbox 41 2723 1519 2808; baseline -0.009 -35"><span class='ocrx_word' id='word_1_550' title='bbox 41 2731 265 2808; x_wconf 48' lang='lat' dir='ltr'><strong>&amp;terna</strong></span> <span class='ocrx_word' id='word_1_551' title='bbox 280 2734 384 2772; x_wconf 82' lang='lat' dir='ltr'><strong>bona</strong></span> <span class='ocrx_word' id='word_1_552' title='bbox 400 2734 654 2774; x_wconf 78' lang='lat' dir='ltr'><strong>Romanorum</strong></span> <span class='ocrx_word' id='word_1_553' title='bbox 670 2744 773 2778; x_wconf 85' lang='lat' dir='ltr'><strong>mge-</strong></span> <span class='ocrx_word' id='word_1_554' title='bbox 797 2742 912 2767; x_wconf 88' lang='lat' dir='ltr'><strong>unum</strong></span> <span class='ocrx_word' id='word_1_555' title='bbox 938 2730 1160 2777; x_wconf 86' lang='lat' dir='ltr'><strong>iungantur,</strong></span> <span class='ocrx_word' id='word_1_556' title='bbox 1189 2738 1263 2774; x_wconf 87' lang='lat' dir='ltr'><strong>quo</strong></span> <span class='ocrx_word' id='word_1_557' title='bbox 1287 2726 1390 2762; x_wconf 88' lang='lat' dir='ltr'><strong>facto</strong></span> <span class='ocrx_word' id='word_1_558' title='bbox 1444 2723 1519 2761; x_wconf 86' lang='lat' dir='ltr'><strong>aud</strong></span> 
     </span>
    </p>
   </div>
   <div class='ocr_carea' id='block_1_5' title="bbox 0 0 34 1170">
    <p class='ocr_par' dir='ltr' id='par_1_5' title="bbox 0 0 34 1170">
     <span class='ocr_line' id='line_1_58' title="bbox 0 0 34 1170; baseline 0 0"><span class='ocrx_word' id='word_1_559' title='bbox 0 0 34 1170; x_wconf 95' lang='lat' dir='ltr'><strong> </strong></span> 
     </span>
    </p>
   </div>
  </div>
 </body>
</html>
