1592 2808
100 175 176 208 -ΧΧ
608 184 660 211 nn
683 185 773 212 vrrA
794 186 844 212 Εἰ·
867 184 1025 212 sommus

101 255 323 293 mentionem
339 257 465 292 iniicit.
490 256 561 299 Qui
579 257 673 292 liber
692 268 802 309 quum
823 257 993 293 habentem
1009 270 1096 304 quae
1106 260 1530 306 putaminum-satis

100 313 199 338 anno
219 302 295 337 720.
311 302 413 337 foras
430 303 468 337 in
481 303 600 337 lucem
615 302 801 347 pubhcam
825 314 1013 348 expurqare
1032 304 1174 344 cicutae,
1196 304 1362 339 nimelz'us
1379 306 1524 340 dormire

101 347 256 382 emissus
279 346 458 391 videatur,
486 347 531 381 de
557 358 630 392 qua
653 357 694 381 re
715 349 803 391 post
819 353 936 393 putem
948 359 1049 394 quam
1061 347 1205 382 scribere
1213 348 1522 390 versus.Quoloco

98 391 227 437 paullo
242 391 496 436 explicabitur,
516 394 801 426 consentaneum
826 403 906 427 sese
920 397 1048 437 aperte
1056 392 1331 437 aitpaupertate
1340 394 1387 428 ad
1393 394 1522 439 poesin

99 439 175 480 est,
194 446 265 471 nec
277 435 387 471 villae
399 447 528 470 munus
542 436 611 480 ipsi
623 447 740 481 usque
754 436 801 470 ad
825 437 1021 472 deductum
1030 447 1122 472 esse.
1136 436 1313 472 Nimirum
1321 437 1525 474 offenderat

97 481 486 532 idtempusobtigisse.
510 480 632 525 Atque
643 480 801 515 cumhac
823 482 998 516 Horatius
1022 483 1137 516 redux
1165 481 1203 516 in
1226 483 1380 526 patriam
1402 483 1524 518 factus

98 524 242 560 ratione
267 535 415 570 egregie
446 526 663 569 concordat,
701 525 801 569 quod
825 530 966 570 patrem
979 537 1018 561 se
1031 527 1184 560 absente
1197 531 1395 571 mortuum3
1413 528 1523 572 pat-ri-

100 568 221 604 Satira
238 570 346 604 tertia
370 570 455 604 libri
479 570 647 612 secundi,
671 569 710 603 in
729 580 802 614 qua
825 570 984 605 monium
1006 571 1250 615 imminutum3
1285 571 1438 606 fundum
1461 583 1523 617 pa·
1580 571 1592 613 ’,

98 618 211 659 poeta
235 625 315 649 sese
339 613 447 660 fingit
470 615 507 648 in
526 613 802 649 exaedificanda
823 619 966 650 ternum
1001 615 1215 650 triumvirali
1254 615 1523 661 proscriptione
1584 628 1592 659 g

99 661 137 693 et
155 659 367 694 exornanda
384 659 472 693 villa
491 670 556 693 sua
570 663 799 702 occupatum,
826 659 896 694 sibi
909 663 1089 711 ereptum3
1115 670 1209 705 quae
1223 660 1343 695 omnia
1360 670 1404 695 eo
1416 661 1524 696 vehe-

87 707 201 738 certe
224 707 309 738 ante
329 714 360 738 a.
379 714 413 737 u.
429 715 459 738 c.
473 704 548 738 721.
569 703 680 737 scribi
698 703 799 737 nullo
825 704 980 738 mentius
1014 715 1133 748 ipsum
1168 705 1428 740 commoverint
1462 716 1524 740 ne·

97 747 801 800 pactopotuit,quippeinquaaedilitas
827 759 930 783 cesse
944 752 1010 792 est,
1026 749 1524 794 quoliberaliusanteapatre
1584 765 1592 779 v

96 793 286 838 Agrippae
302 797 617 836 commemoretur,
668 803 752 826 uam
764 791 802 826 in
826 793 908 827 vivo
922 793 1070 828 habitus
1083 793 1214 828 fuerat.
1233 793 1524 839 Itaquepauper-

97 848 234 872 annum
246 849 280 871 u.
295 837 370 871 721.
383 837 557 871 incidisse
575 847 648 881 pau
665 837 701 871 lo
716 840 802 871 ante
825 842 882 872 tas
895 835 1161 883 medicor-isque
1180 837 1344 882 fortuna,
1364 848 1437 883 qua
1453 839 1524 872 iam
1589 846 1592 848 ·

97 882 265 917 vidimus.
288 881 445 916 Accedit
457 882 540 925 huc,
550 882 650 926 quod
662 879 802 916 necSa—
826 882 1012 926 utebatur,
1059 882 1096 916 in
1132 892 1313 928 generoso
1351 883 1524 928 celsoque

97 926 205 962 tiram
229 930 370 961 sextam
392 926 477 961 libri
508 926 660 960 secundi
687 926 801 960 multo
826 927 941 970 ipsius
976 927 1096 961 animo
1137 927 1258 961 aerius
1293 927 1403 962 etiam
1432 928 1525 962 desi-

126 974 201 1015 ost,
244 982 352 1016 quam
382 969 558 1005 Sabinum
587 982 673 1005 acce
701 971 801 1015 isset,
827 971 966 1006 derium
989 972 1131 1023 poesis,
1157 971 1215 1006 cui
1235 971 1371 1006 dudum
1393 982 1525 1007 vacare

115 1015 230 1051 'tteris
245 1019 431 1050 exaratam
444 1027 524 1050 esse
539 1015 677 1050 credibi
695 1026 715 1050 e
728 1018 802 1059 est3
828 1016 1093 1060 constituisset,
1141 1016 1409 1061 excitaverunt3
1451 1027 1524 1062 quo

100 1061 218 1106 spirat
241 1060 337 1094 enim
367 1071 410 1095 ea
434 1060 589 1105 gratiam
611 1061 722 1105 plane
747 1071 802 1094 re·
826 1061 906 1105 ipso
930 1061 1108 1104 impulsus
1127 1065 1194 1105 est,
1219 1065 1260 1095 ut
1282 1071 1410 1095 versus
1427 1061 1525 1096 face-

100 1109 243 1140 centem
261 1116 350 1150 erga
368 1116 468 1149 eum,
514 1105 682 1149 uiipsum
698 1108 801 1138 tanto
827 1109 898 1148 ret,
924 1105 996 1139 hoc
1019 1109 1092 1149 est,
1117 1105 1308 1140 facultatis
1327 1116 1415 1140 suae
1438 1117 1525 1151 poe-

99 1160 249 1185 munere
264 1149 467 1192 beavisoet,
520 1149 678 1194 abetque
693 1149 803 1183 etiam
826 1150 922 1184 ticae
948 1150 1167 1184 documenta
1189 1149 1332 1194 ederet,
1358 1161 1434 1184 non
1477 1161 1524 1185 uo

97 1194 319 1230 mentionem
345 1194 566 1237 scribarum,
603 1194 666 1238 qui
694 1204 802 1227 versu
826 1205 958 1238 panem
980 1194 1192 1238 lucraretur,
1219 1194 1285 1228 sed
1307 1198 1349 1228 ut
1365 1194 1452 1230 nob‘
1472 1194 1525 1229 'us

98 1239 143 1274 36
157 1250 210 1285 sq.
229 1250 405 1283 nuperum
425 1239 605 1283 collegam
630 1249 733 1272 suum
752 1238 803 1271 di-
827 1239 1086 1273 inclaresceret
1109 1249 1154 1273 ac
1169 1238 1326 1272 nominis
1350 1239 1407 1273 sui
1428 1239 1527 1274 fama

101 1287 232 1319 cuntur
257 1284 301 1318 de
331 1295 369 1318 re
401 1283 581 1317 communi
612 1282 802 1317 consulere
829 1287 1038 1328 comparata
1061 1283 1232 1318 fortunae
1261 1283 1423 1318 melioris
1447 1283 1527 1318 fun-

98 1328 271 1363 voluisse.
306 1327 385 1362 Iam
408 1339 494 1362 vero
521 1327 724 1371 composita
747 1330 804 1362 est
827 1329 998 1362 damenta
1008 1328 1156 1362 iaceret.
1167 1328 1395 1362 Ineratenim
1406 1328 1526 1362 inHo-

99 1373 192 1408 haec
207 1373 320 1408 satira
333 1373 411 1407 sine
424 1372 537 1407 dubio
551 1372 679 1415 a.723.‚
695 1371 802 1406 sicuti
825 1372 918 1407 ratio
937 1373 1124 1417 ingenium
1141 1372 1335 1416 poeticum,
1354 1372 1527 1407 nutritum

99 1418 239 1464 liquido
265 1421 420 1462 apparet
443 1428 487 1452 ex
510 1428 619 1451 versu
641 1416 713 1459 39„
739 1416 802 1450 ubi
825 1417 917 1451 illud
930 1417 1040 1452 etiam
1052 1416 1527 1452 acsubactumGraecorum

98 1466 321 1498 memoratur
367 1463 524 1496 annulus
567 1460 800 1506 signatorius‚
826 1461 1092 1505 familiaritate3
1131 1461 1205 1495 uod
1213 1461 1527 1507 quidemfierinon

101 1518 209 1553 quem
223 1506 449 1541 Octavianus
464 1510 558 1541 teste
570 1505 801 1540 DioneLLI.
852 1506 944 1540 otuit
967 1507 1054 1550 quin
1077 1472 1143 1540 ‘caii
1166 1517 1286 1540 rerum
1317 1506 1527 1541 conditione

100 1552 264 1588 etPlinio
271 1551 493 1587 Nat.Hist.I.
506 1550 561 1585 40.
575 1550 623 1585 Π.
636 1551 690 1584 37.
705 1550 802 1584 circa
842 1550 999 1585 acillime
1016 1551 1075 1585 vel
1088 1551 1373 1585 exsuscitaretur
1383 1551 1443 1586 vel
1457 1551 1527 1586 cla-

99 1602 244 1641 tempus
256 1607 402 1641 pugnae
410 1595 586 1630 Actiacae
594 1594 802 1630 Maecenati
826 1597 900 1630 rius
914 1599 1127 1640 emergeret.
1151 1595 1333 1636 Quocirca
1343 1599 1431 1639 tum,
1445 1595 1526 1630 hor-

99 1653 174 1676 una
199 1653 280 1676 cum
302 1640 536 1686 praefectura
551 1640 681 1674 Italiae
707 1650 802 1674 com—
826 1639 1527 1685 tantibusetiamtemporibus,sequutus

99 1686 266 1730 miserat3
290 1689 446 1730 apparet
464 1685 552 1719 item
565 1695 608 1719 ex
621 1696 734 1719 verss.
747 1683 802 1718 53.
826 1685 988 1719 nativum
1010 1684 1148 1729 ingenii
1170 1684 1344 1729 impetum
1368 1684 1528 1720 carmina

100 1735 138 1767 et
144 1730 188 1765 55
196 1742 288 1776 sqq.,
297 1741 370 1775 quo
380 1730 459 1764 loeo
467 1729 659 1774 attingitur
666 1729 803 1763 bellum
828 1730 987 1764 scribere
999 1729 1166 1763 instituit.

101 1775 628 1819 a.723.cumDacisgestumat
654 1784 804 1808 uenova
870 1774 918 1807 Et
941 1773 1095 1818 primum
1151 1773 1272 1808 uidem
1302 1774 1350 1808 ad
1373 1773 1526 1818 Epodos

100 1831 273 1866 agrorum
286 1819 434 1863 divisio,
459 1830 568 1863 quam
585 1830 646 1852 mu
663 1818 690 1852 ti
703 1817 803 1852 bello
829 1818 1054 1853 siveiambos
1063 1822 1128 1853 eta
1157 1817 1351 1853 Sermones
1360 1818 1527 1853 satiricos

99 1865 255 1900 Actiaco
273 1864 441 1899 confecto
461 1864 583 1898 locum
596 1863 804 1897 habituram
829 1863 1045 1897 scribendos
1070 1863 1214 1914 appulit
1235 1862 1405 1907 animum,
1430 1873 1527 1908 quae

101 1920 182 1945 esse
232 1909 394 1944 utavisse
419 1908 599 1942 videntur.
640 1907 743 1948 Quae
775 1906 806 1941 si
830 1908 906 1942 sinc
921 1908 1033 1942 dubio
1047 1919 1164 1952 prima
1181 1907 1331 1942 fuerunt
1345 1910 1527 1952 poemata,

101 1965 188 1989 vere
204 1921 390 1999 gisputata
404 1956 505 1996 sunt,
527 1956 625 1987 certe
643 1951 735 1986 nihil
750 1955 806 1986 est
830 1952 963 1997 quibus
977 1952 1180 1987 scribendis
1197 1951 1235 1986 in
1264 1951 1338 1987 enii
1359 1951 1415 1986 sui
1432 1951 1528 1986 vires

101 1998 343 2042 verisimilius,
364 2009 474 2044 quam
488 1997 588 2042 quod
606 1997 678 2031 iam
696 2008 738 2030 su
765 2007 806 2031 ra
830 2000 1000 2041 expertus
1014 2000 1087 2040 est,
1106 1997 1144 2030 id
1157 2007 1231 2042 quo
1271 1996 1471 2031 clarissime
1484 2007 1528 2031 ex

103 2042 399 2090 significavimus,
413 2043 537 2076 villam
550 2008 805 2076 Sabinamfio-
830 2053 874 2077 eo
887 2041 1122 2086 intelligitur,
1141 2041 1240 2086 quod
1256 2041 1385 2076 horum
1403 2041 1529 2076 carmi-

101 2089 196 2124 ratio
208 2089 343 2122 intraa.
352 2087 426 2122 721.
436 2086 553 2122 et723.
562 2086 805 2121 aMaecenate
829 2098 916 2121 num
928 2087 1068 2120 nullum
1082 2089 1149 2130 est,
1189 2086 1264 2120 uod
1277 2089 1341 2121 aut
1351 2089 1436 2120 ante
1448 2096 1480 2120 a.
1493 2096 1528 2120 u.

103 2134 277 2168 donatam
291 2143 390 2176 esse,
409 2137 451 2166 ut
462 2135 611 2176 poetam
623 2131 734 2165 facile
749 2142 806 2164 su—
830 2131 905 2165 713.
919 2135 983 2166 aut
993 2135 1080 2175 post
1092 2142 1168 2165 a.u.
1197 2130 1251 2164 25.
1266 2130 1440 2174 scriptum
1447 2140 1528 2164 esse

105 2178 257 2223 spicer-is
283 2178 413 2212 eodem
436 2177 513 2211 fere
538 2180 701 2220 tempore
724 2185 806 2210 sese
832 2176 939 2210 certis
953 2175 1178 2220 argumentis
1191 2174 1434 2210 demonstrari
1445 2185 1529 2219 pos-

104 2223 215 2258 etiam
240 2221 378 2266 scriptu
397 2220 637 2256 abdicavisse.
675 2220 806 2261 Quam·
832 2220 895 2264 sit,
933 2220 1106 2264 quodque
1141 2220 1221 2264 ipse
1251 2218 1320 2254 Od.
1344 2218 1374 2253 1.
1400 2219 1454 2263 16,
1473 2219 1528 2254 22.

130 2279 214 2302 uam
233 2277 305 2313 quo
319 2271 482 2310 tempore
497 2265 639 2300 scribae
658 2275 806 2298 munere
830 2265 978 2307 fatetur,
994 2275 1031 2298 se
1041 2275 1188 2309 quoque
1198 2263 1358 2308 pectoris
1366 2266 1529 2298 tentasse

121 2316 252 2347 unctus
272 2315 345 2355 est,
370 2311 500 2345 eodem
518 2311 591 2344 iam
609 2310 657 2344 ad
676 2308 806 2353 poesin
830 2309 868 2343 in
889 2309 1039 2343 iuventa
1063 2308 1245 2343 fervorem
1267 2311 1307 2343 et
1328 2308 1366 2343 in
1390 2309 1529 2343 celeres

107 2357 299 2393 colendam
311 2355 469 2390 animum
482 2354 635 2399 appulit.
652 2354 807 2388 Fatetur
830 2353 972 2388 iambos
984 2353 1125 2388 misisse
1138 2353 1330 2388 furentem.
1354 2353 1530 2390 Nimirum

106 2402 201 2437 enim
218 2401 335 2446 Epist.
349 2400 397 2434 11.
409 2400 442 2442 2,
460 2399 513 2433 51.
540 2410 620 2434 sese
665 2402 724 2432 ost
741 2409 805 2442 pu·
829 2398 960 2433 horum
968 2397 1169 2432 studiorum
1177 2408 1345 2432 caussam
1353 2401 1529 2442 etoppor-

106 2458 216 2492 gnam
233 2445 507 2490 Philippensem
530 2444 568 2478 in
585 2444 644 2478 Ita
661 2443 730 2478 'am
752 2453 806 2476 re·
829 2443 1035 2486 tunitatem,
1061 2442 1092 2476 si
1140 2442 1204 2476 uid
1221 2442 1383 2478 iudicare
1401 2453 1529 2488 possu-

107 2493 237 2526 ducem
248 2490 388 2524 factum
404 2492 622 2533 paupertate
637 2488 806 2522 adactum
829 2499 926 2532 mus,
957 2497 1032 2521 non
1056 2497 1115 2521 mo
1145 2497 1166 2521 o
1190 2487 1359 2522 iuventus
1382 2489 1527 2532 poetae,

105 2533 806 2578 versusfacerecoepisse:Decisiskumz‘-
831 2532 896 2567 sed
919 2531 1030 2566 etiam
1051 2534 1220 2576 tempora
1249 2531 1414 2566 attulisse
1437 2530 1528 2565 iudi-

108 2577 807 2624 lempennis‚inquit,inopemquepaterniet
832 2577 951 2611 canda
992 2579 1086 2610 sunt.
1158 2577 1250 2611 Nam
1283 2587 1405 2611 rerum
1444 2575 1528 2610 civi-

106 2623 805 2667 Larisetfundz'paupertasz'mpulitaudax,
831 2621 918 2655 lium
937 2620 1052 2656 facies
1077 2621 1204 2666 utique
1223 2624 1302 2656 erat
1322 2624 1400 2655 tum
1414 2619 1481 2654 lon
1509 2630 1528 2654 e

106 2676 142 2705 ut
155 2680 270 2704 versus
280 2669 427 2715 facerem
433 2680 447 2710 ;
468 2668 527 2702 sed
544 2668 634 2714 quod
644 2679 714 2702 non
725 2667 807 2701 desit
829 2665 1047 2702 tristissima.
1083 2664 1241 2712 Sanguis
1267 2665 1398 2701 civium
1418 2664 1466 2701 be
