1500 2820
491 170 791 210 SATIRARUM
813 171 912 207 LIB.
929 170 959 206 Ι.

35 253 164 330 ἔκαιε.
186 280 306 338 piger
330 294 432 322 saxo
454 278 603 336 refigat
627 278 844 333 stertitque
870 277 1056 333 supinus.

35 339 201 399 {amque
225 343 314 386 dies
339 342 500 393 aderat,
523 341 583 384 nil
607 356 737 396 quum
759 341 984 397 procedere
1008 339 1170 382 lintrem

39 400 258 458 sentimus3
284 405 417 448 donec
440 403 683 447 cerebrosus
708 403 872 460 prosilit
894 419 1018 454 unus,

36 484 88 520 ac
108 469 246 512 mulae
269 475 502 523 nautaeque
527 474 653 524 caput
674 466 925 522 lumbosque
950 466 1111 523 saligno

36 533 148 576 fiiste
171 532 296 575 dolat.
322 537 470 587 quarta
492 531 564 573 vix
588 531 757 572 demum
781 531 1029 586 exponimus
1053 530 1166 572 hora.

37 610 110 640 ora
131 610 363 651 manusque
388 601 461 637 tua
482 594 681 644 lavimus,
707 593 904 644 Feronia,
930 592 1114 649 lympha.

36 659 166 714 millia
188 664 278 701 tum
300 658 443 730 pransi
466 657 544 699 tria
566 656 772 712 repimus,
799 662 923 711 atque
949 654 1138 698 subimus

35 722 278 782 impositum
303 721 415 764 saxis
441 720 524 763 late
550 719 822 762 candentibus
847 719 1012 761 Anxur.

31 784 119 838 11110
140 791 340 828 venturus
365 790 453 826 erat
475 783 702 825 Maecenas
729 782 910 839 optimus
935 789 1059 838 atque

29 843 261 899 Cocceius,
287 848 405 890 missi
428 847 592 904 magnis
619 847 670 888 de
694 846 820 889 rebus
844 852 1020 902 uterque

37 911 181 969 legati,
207 926 376 954 aversos
403 910 513 953 soliti
537 924 786 981 componere
811 910 980 952 amicos.

37 975 104 1017 1110
129 974 258 1017 oculis
284 989 362 1030 ego
385 974 506 1030 nigra
530 973 633 1015 meis
660 973 830 1029 collyria
853 973 991 1030 lippus

37 1037 204 1080 illinere.
231 1037 389 1079 interea
411 1036 637 1078 Maecenas
664 1037 833 1078 advenit
858 1044 982 1092 atque

40 1099 245 1143 Cocceius
273 1099 506 1156 Capitoque
532 1099 656 1141 simul
679 1099 902 1150 Fonteius,
929 1100 983 1141 ad
1006 1115 1192 1157 unguem

37 1163 172 1206 factus
197 1162 342 1214 homo,
366 1161 526 1204 Antoni
549 1177 634 1204 non
657 1168 703 1204 ut
726 1163 862 1219 magis
887 1163 991 1206 alter
1015 1164 1186 1206 amicus.

37 1225 191 1269 fundos
215 1225 389 1268 Aufidio
412 1226 557 1268 Lusco
581 1231 771 1281 praetore
795 1226 972 1268 libenter

37 1288 283 1344 linquimus,
308 1288 446 1331 insani
468 1288 650 1330 ridentes
675 1289 861 1345 praemia
886 1289 1059 1340 scribae,

37 1357 296 1410 praetextam
321 1358 362 1394 et
384 1352 516 1394 latum
541 1351 706 1393 clavum
729 1367 972 1408 prunaeque
997 1353 1198 1395 vatillum.

37 1414 82 1457 in
103 1414 415 1458 Mamurrarum
437 1415 539 1457 lassi
562 1415 712 1457 deinde
737 1415 839 1458 urbe
862 1431 1093 1467 manemus,

23 1476 217 1520 Murena
238 1477 462 1534 praebente
487 1478 676 1528 domum,
705 1477 911 1534 Capitone
937 1479 1132 1521 culinam.

37 1546 204 1598 postera
225 1541 300 1583 lux
323 1541 452 1584 oritur
475 1541 605 1584 multo
630 1541 888 1598 gratissima3
914 1557 1095 1598 namque

37 1602 199 1646 Plotius
225 1610 266 1646 et
289 1603 443 1647 Varius
471 1602 699 1648 Sinuessae
723 1604 1010 1662 Virgiliusque

39 1673 277 1718 occurrunt,
303 1667 484 1718 animae,
511 1667 656 1723 quales
680 1682 816 1723 neque
842 1669 1102 1712 candidiores

39 1735 148 1771 terra
170 1729 280 1781 tulit,
306 1744 442 1785 neque
466 1731 560 1786 quis
584 1745 652 1773 me
678 1731 731 1773 sit
755 1731 986 1774 devinctior
1009 1733 1124 1775 alter.

41 1806 66 1834 0
89 1792 162 1847 qui
185 1793 426 1849 complexus
451 1800 492 1836 et
515 1794 671 1851 gaudia
695 1801 850 1850 quanta
873 1795 1055 1838 fuerunt.

39 1854 99 1897 nil
122 1870 201 1912 ego
226 1856 470 1898 contulerim
493 1857 674 1900 iucundo
700 1873 827 1900 sanus
853 1859 999 1902 amico.

41 1919 230 1974 proxima
255 1917 472 1976 Campano
496 1920 614 1976 ponti
638 1935 744 1976 quae
769 1921 913 1963 villula
936 1928 1092 1964 tectum

42 1980 248 2037 praebuit,
273 1988 316 2024 et
337 1982 526 2039 parochi,
553 1998 659 2038 quae
684 1983 855 2035 debent,
881 1985 996 2041 ligna
1021 1985 1245 2039 salemque.

41 2043 138 2087 111110
161 2045 263 2086 1111111
289 2044 460 2102 Capuae
486 2046 658 2089 clitellas
683 2054 868 2103 tempore
892 2056 1063 2104 ponunt.

42 2106 181 2150 lusum
203 2108 237 2150 it
259 2107 506 2160 Maecenas,
533 2110 757 2152 dormitum
781 2126 859 2168 ego
883 2111 1189 2169 Virgiliusque:

43 2185 222 2226 namque
244 2171 330 2227 pila
352 2171 512 2228 lippis
500 2173 715 2215 mimicum
739 2180 779 2216 et
803 2174 945 2217 ludere
970 2176 1121 2218 crudis.

0 2250 12 2284 g
43 2231 140 2275 111110
162 2248 238 2276 nos
265 2232 434 2276 Cocceii
456 2235 602 2291 recipit
625 2236 868 2292 plenissima
891 2238 1002 2289 villa,

3 2309 151 2350 quae
176 2311 301 2352 super
325 2311 368 2339 es
351 2303 388 2338 st
413 2297 549 2340 Caudi
573 2313 795 2355 cauponas.
821 2316 931 2343 nunc
955 2301 1058 2343 mihi
1081 2301 1225 2357 paucis

0 2355 256 2417 {Sarmenti
281 2375 446 2403 scurrae
469 2377 655 2419 pugnam
679 2363 898 2419 Messique
926 2364 1087 2416 Cicirri,

0 2401 191 2473 {Musa,
216 2423 342 2465 velim
365 2439 570 2468 memores
596 2432 637 2468 et
661 2441 744 2481 quo
767 2434 885 2483 patre
910 2434 1033 2471 natus
1058 2435 1231 2484 uterque

47 2486 264 2529 contulerit
285 2487 393 2530 lites.
419 2487 556 2531 Messi
579 2489 736 2532 clarum
761 2506 894 2547 genus
923 2490 1046 2543 Osci3

0 2546 259 2820 {Sarmenti
283 2551 451 2594 domina
475 2559 622 2595 exstat.
648 2553 700 2596 ab
725 2553 790 2596 his
815 2554 1042 2597 maioribus
1068 2556 1146 2598 orti

48 2612 103 2655 ad
123 2626 309 2670 pugnam
332 2629 495 2658 venere.
519 2616 631 2672 prior
657 2615 921 2660 Sarmentus.
949 2618 1072 2673 „equi
1095 2625 1136 2660 te

43 2688 142 2729 ‚csse
164 2675 244 2719 fen
267 2677 444 2720 similem
468 2679 601 2722 dico.“
626 2679 810 2723 ridemus
818 2697 830 2732 3
855 2688 896 2723 et
919 2681 1008 2738 ipse

1323 158 1403 203 137

1431 350 1476 382 20

1434 666 1476 697 25

1435 984 1478 1015 30

1436 1300 1481 1332 35

1435 1618 1479 1649 40

1436 1934 1480 1966 45

1440 2252 1483 2283 50

1441 2569 1484 2600 55
