1500 2820
192 155 271 196 192
617 162 660 206 Q.
681 162 896 199 HORATH
913 161 1095 199 FLACCI

188 273 233 308 tu
255 266 397 308 nidum
420 280 579 316 servas;
604 280 681 322 ego
704 266 826 308 laudo
848 266 952 308 ruris
977 266 1136 308 amoeni

185 328 295 370 rivos
319 333 360 369 et
380 341 524 369 musco
547 327 771 369 circumlita
794 343 894 369 saxa
915 341 1152 381 nemusque.

187 389 285 443 quid
307 388 493 443 quaeris?
515 388 608 430 vivo
633 395 673 430 et
694 403 838 444 regno,
865 389 985 430 simul
1007 389 1087 430 ista
1108 388 1263 442 reliqui,

187 464 291 504 quae
315 465 388 492 vos
412 450 465 491 ad
488 450 645 491 caelum
669 450 820 491 effertis
844 464 1005 492 rumore
1029 450 1226 491 secundo:

123 526 164 557 10
187 518 312 566 utque
337 511 557 553 sacerdotis
581 511 778 567 fugitivus
802 511 885 553 liba
907 526 1070 561 recus03

186 587 292 629 pane
316 587 418 628 egeo
440 573 522 614 iam
545 573 707 614 mellitis
731 573 886 627 potiore
911 572 1120 627 placentis.

186 635 324 676 vivere
347 640 514 676 naturae
539 634 574 675 si
597 634 882 676 convenienter
906 640 1063 689 oportet

186 696 478 752 ponendaeque
502 696 623 737 domo
647 696 877 749 quaerenda
901 701 962 736 est
986 710 1080 736 area
1101 694 1288 750 primum,

190 758 391 800 novistine
414 757 549 799 locum
572 757 769 812 potiorem
793 771 884 798 rure
907 757 1052 798 beato?

124 834 163 864 15
187 826 250 862 est
272 819 344 861 ubi
365 819 458 874 plus
482 825 646 874 tepeant
668 818 842 867 hiemes,
867 818 937 859 ubi
961 819 1113 874 gratior
1135 834 1234 860 aura

187 881 311 923 leniat
334 886 375 922 et
396 880 551 921 rabiem
577 878 704 921 Canis
729 885 769 920 et
792 886 998 921 momenta
1019 880 1188 929 Leonis,

188 957 315 997 quum
339 941 464 983 semel
488 941 644 996 accepit
669 939 808 983 Solem
831 940 1074 983 furibundus
1098 940 1286 982 acutum?

189 1010 251 1046 est
273 1002 345 1046 ubi
369 1002 534 1044 divellat
559 1017 722 1044 somnos
747 1002 880 1044 minus
905 1002 1043 1044 invida
1066 1003 1187 1044 cura?

188 1065 365 1107 deterius
389 1063 562 1119 Libycis
587 1064 668 1105 olet
691 1070 761 1105 aut
783 1064 884 1104 nitet
907 1063 1033 1105 herba
1054 1064 1226 1119 lapillis?

123 1141 165 1172 20
188 1127 326 1183 purior
347 1127 390 1167 in
413 1126 514 1167 vicis
539 1140 645 1179 aqua
668 1125 796 1166 tendit
818 1140 1004 1180 rumpere
1027 1125 1251 1180 plumbum,

190 1203 313 1243 quam
337 1202 441 1242 quae
465 1202 538 1242 per
559 1202 732 1242 pronum
756 1187 930 1242 trepidat
953 1201 1046 1228 cum
1069 1201 1274 1228 murmure
1296 1186 1452 1228 rivum?

189 1263 335 1304 nempe
358 1250 462 1290 inter
484 1249 617 1291 varias
641 1249 815 1290 nutritur
839 1248 941 1290 silva
963 1248 1183 1299 columnas,

188 1311 456 1365 laudaturque
481 1310 645 1360 domus,
670 1310 816 1366 longos
840 1324 945 1364 quae
969 1309 1163 1365 prospicit
1185 1325 1318 1366 agros.

189 1379 375 1414 naturam
399 1372 577 1427 expelles
601 1371 733 1422 furca,
759 1378 895 1413 tamen
918 1386 1048 1425 usque
1070 1378 1249 1413 recurret

124 1449 166 1480 25
191 1441 231 1476 et
253 1434 360 1476 mala
382 1440 616 1489 perrumpet
638 1433 778 1475 furtim
801 1433 974 1489 vestigia
997 1433 1153 1475 victriX.

190 1511 291 1546 non,
316 1496 386 1550 qui
412 1494 581 1538 Sidonio
605 1496 847 1537 contendere
871 1495 1040 1537 callidus
1065 1501 1176 1537 ostro

191 1558 319 1600 nescit
341 1557 591 1612 Aquinatem
614 1557 796 1612 potantia
818 1557 968 1598 vellera
989 1556 1142 1606 fucum,

192 1620 340 1662 certius
365 1619 535 1674 accipiet
558 1619 751 1660 damnum
773 1619 991 1674 propiusve
1014 1618 1215 1668 medullis,

193 1696 315 1738 quam
339 1681 409 1735 qui
431 1695 513 1722 non
536 1681 685 1736 poterit
705 1695 802 1722 vero
825 1680 1074 1736 distinguere
1097 1680 1259 1721 falsum.

129 1756 171 1788 30
194 1758 316 1798 quem
338 1758 404 1785 res
427 1743 520 1798 plus
543 1743 668 1784 nimio
692 1742 943 1784 delectavere
968 1742 1183 1792 secundae,

193 1811 372 1847 mutatae
424 1804 589 1846 uatient.
621 1804 657 1845 si
679 1804 778 1858 quid
800 1803 1014 1854 mirabere,
1039 1817 1167 1858 pones

194 1867 358 1908 invitus.
373 1819 487 1933 ffilge
511 1881 679 1921 magna3
702 1865 798 1907 licet
820 1865 897 1907 sub
920 1879 1099 1920 paupere
1122 1869 1228 1906 tecto

194 1943 311 1985 reges
336 1935 376 1970 et
398 1942 542 1983 regum
566 1927 648 1968 vita
670 1941 927 1982 praecurrere
951 1926 1115 1968 amicos.

195 2005 338 2031 cervus
363 2003 513 2043 equum
536 2004 675 2044 pugna
697 1988 840 2030 melior
861 1987 1143 2030 communibus
1167 1986 1302 2029 herbis

130 2065 170 2096 35
194 2051 387 2107 pellebat,
413 2051 542 2092 donec
565 2051 696 2092 minor
717 2051 760 2091 in
783 2050 1000 2092 certamine
1023 2050 1146 2105 longo

195 2113 425 2168 imploravit
448 2127 545 2168 opes
570 2112 743 2154 hominis
767 2112 1010 2166 frenumque
1032 2111 1195 2166 recepit.

196 2175 268 2216 sed
291 2182 508 2230 postquam
531 2174 660 2216 victor
681 2173 836 2215 violens
861 2173 1049 2215 discessit
1073 2172 1124 2214 ab
1148 2172 1277 2222 hoste,

195 2252 277 2278 non
300 2237 476 2290 equitem
500 2237 639 2286 dorso,
664 2250 746 2277 non
769 2235 929 2277 frenum
953 2234 1106 2289 depulit
1130 2248 1210 2275 ore.

197 2298 256 2340 sic
279 2298 349 2351 qui
371 2298 607 2353 pauperiem
630 2297 781 2338 veritus
805 2297 960 2352 potiore
984 2296 1156 2337 metallis

130 2372 174 2403 40
195 2359 380 2401 libertate
405 2366 530 2409 caret,
557 2359 765 2401 dominum
788 2357 909 2399 vehet
931 2356 1140 2412 improbus
1165 2362 1285 2410 atque

198 2421 345 2463 serviet
368 2427 593 2471 aeternum,
618 2421 714 2474 quia
735 2434 861 2476 parvo
883 2419 1037 2461 nesciet
1059 2418 1130 2459 uti.

200 2483 266 2524 cui
287 2497 370 2525 non
392 2483 604 2525 conveniet
627 2497 702 2524 sua
723 2496 807 2531 res,
831 2487 876 2522 ut
899 2481 1058 2523 calceus
1082 2479 1190 2529 olim,

201 2544 236 2586 si
258 2545 362 2600 pede
385 2544 513 2586 maior
536 2544 627 2594 erit,
653 2543 877 2592 subvertet,
903 2543 938 2584 si
960 2542 1108 2591 minor,
1132 2547 1233 2582 uret.

198 2606 329 2648 laetus
355 2613 460 2648 sorte
484 2612 554 2647 tua
577 2606 690 2647 vives
715 2605 934 2660 sapienter,
960 2603 1101 2652 Aristi,

134 2680 178 2711 45
200 2682 276 2710 nec
298 2683 363 2709 me
387 2667 564 2710 dimittes
587 2667 891 2722 incastigatum,
915 2665 987 2707 ubi
1007 2665 1125 2720 plura
