1566 2814
157 361 220 394 385

156 670 219 702 390

155 979 218 1011 395

156 1289 220 1320 400

155 1598 220 1629 405

156 1906 222 1937 410

157 2215 222 2245 415

157 2523 222 2553 420

244 174 327 218 230
678 182 722 225 Q.
733 180 947 219 HORATII
962 181 1144 221 FLACOI

246 302 447 329 summam
471 300 704 336 numorum,
729 285 907 340 vitioque
930 293 1108 329 remotus
1132 286 1184 329 ab
1209 287 1357 330 omni.“
1381 311 1435 318 -

245 355 289 390 tu
312 349 411 390 nihil
435 349 560 389 invita
584 348 694 389 dices
719 347 896 390 faciesve
919 347 1128 398 Minerva3

243 411 286 452 id
309 410 383 451 tibi
406 410 599 451 iudicium
624 416 729 460 esto,
755 424 803 450 ea
825 424 958 452 mens:
985 411 1020 452 si
1043 410 1141 465 quid
1164 415 1300 452 tamen
1323 410 1418 453 olim

245 472 472 527 scripseris,
497 472 539 513 in
562 471 699 513 Maeci
722 471 940 513 descendat
963 473 1107 514 iudicis
1131 487 1248 514 aures

244 541 284 575 et
307 534 433 589 patris
459 540 498 574 et
522 540 698 583 nostras,
723 548 956 588 nonumque
980 541 1186 589 prematur
1206 534 1249 575 in
1273 548 1435 583 annum,

243 595 488 636 membranis
513 595 621 636 intus
645 595 799 650 positis.
831 595 964 637 delere
987 595 1122 637 licebit

244 658 353 712 quod
378 672 459 698 non
483 657 675 707 edideris3
700 657 829 698 nescit
852 672 933 698 vox
957 658 1083 699 missa
1105 658 1263 699 reverti.

299 719 504 761 silvestres
530 718 712 760 homines
739 733 853 760 sacer
875 719 1153 774 interpresque
1177 719 1343 760 deorum

244 780 436 822 caedibus
462 788 502 821 et
525 781 634 821 victu
658 780 779 821 foedo
804 781 995 821 deterruit
1020 779 1226 836 Orpheus,

243 843 374 884 dictus
399 842 451 884 ob
475 842 551 884 hoc
575 842 699 883 lenire
724 842 847 898 tigres
872 842 1114 896 rabidosque
1137 842 1288 884 leones.

243 905 375 946 dictus
400 911 439 945 et
462 903 672 959 Amphion
696 903 917 945 Theba-nae
941 904 1123 946 conditor
1144 903 1255 945 urbis

245 981 344 1008 saxa
367 980 530 1007 movere
555 980 654 1006 sono
679 966 893 1007 testudinis
918 972 957 1006 et
980 980 1100 1020 prece
1125 965 1274 1007 blanda

243 1029 389 1069 ducere
413 1042 494 1080 quo
519 1027 650 1068 vellet.
681 1027 759 1068 fuit
782 1027 883 1068 haec
907 1027 1104 1082 sapientia
1127 1027 1344 1082 quondam,

242 1090 406 1146 publica
428 1090 594 1145 privatis
621 1103 847 1139 secernere,
873 1104 988 1131 sacra
1010 1089 1204 1144 profanis,

244 1151 462 1194 concubitu
486 1150 697 1206 prohibere
721 1166 845 1205 vago,
871 1151 967 1192 dare
990 1151 1080 1192 iura
1101 1151 1270 1200 maritis,

243 1214 394 1269 oppida
416 1213 565 1263 moliri,
590 1213 703 1268 leges
727 1213 904 1255 incidere
927 1213 1050 1268 ligno.

244 1276 302 1318 sic
327 1275 455 1316 honor
479 1282 517 1316 et
542 1289 690 1316 nomen
713 1275 859 1316 divinis
884 1275 1045 1317 vatibus
1070 1281 1190 1329 atque

245 1336 490 1379 carminibus
515 1337 636 1378 venit.
666 1343 758 1391 post
782 1336 857 1378 hos
881 1337 1052 1391 insignis
1077 1337 1284 1379 Homerus

245 1399 529 1455 Tyrtaeusque
553 1413 685 1440 mares
710 1399 866 1440 animos
890 1399 932 1439 in
955 1398 1107 1441 Martia
1130 1399 1236 1440 bella

244 1460 430 1502 versibus
456 1460 633 1510 exacuit3
659 1460 789 1501 dictae
812 1475 884 1515 per
907 1461 1085 1501 carmina
1109 1467 1250 1510 sortes,

245 1529 285 1564 et
307 1522 415 1563 vitae
438 1528 661 1563 monstrata
683 1522 750 1563 via
773 1528 853 1572 est3
878 1528 918 1563 et
940 1523 1071 1577 gratia
1093 1537 1236 1578 regum

244 1583 390 1625 Pieriis
414 1589 566 1624 tentata
589 1583 739 1633 modis,
763 1583 964 1637 ludusque
987 1591 1183 1638 repertus,

245 1653 285 1687 et
307 1645 523 1700 longorum
547 1659 714 1700 operum
737 1645 847 1686 finis:
872 1660 923 1686 ne
947 1645 1050 1686 forte
1074 1645 1219 1700 pudori

246 1708 298 1749 sit
321 1707 394 1748 tibi
417 1706 541 1747 Musa
564 1707 675 1761 lyrae
700 1707 839 1748 sollers
865 1714 903 1748 et
928 1714 1067 1749 cantor
1089 1706 1252 1762 Apollo.

299 1775 444 1810 natura
466 1768 579 1809 fieret
602 1767 803 1809 laudabile
828 1783 1008 1818 carmen,
1034 1784 1086 1810 an
1109 1775 1206 1818 arte,

247 1830 476 1885 quaesitum
501 1836 579 1871 est:
605 1845 681 1886 ego
704 1844 781 1871 nec
805 1831 985 1872 studium
1010 1831 1096 1872 sine
1120 1831 1244 1871 divite
1269 1844 1383 1879 vena,

245 1907 321 1934 nec
344 1892 443 1933 rude
468 1892 565 1945 quid
588 1892 718 1946 possit
741 1892 859 1934 video
883 1893 1109 1948 ingenium3
1134 1892 1297 1934 alterius
1321 1892 1380 1934 sic

246 1955 371 1996 altera
393 1954 526 2009 poscit
549 1968 669 2008 opem
691 1969 774 2004 res,
800 1961 840 1995 et
863 1955 1045 1996 coniurat
1067 1954 1207 1996 amice.

247 2016 315 2070 qui
341 2015 476 2057 studet
500 2022 679 2070 optatam
704 2031 826 2057 cursu
849 2016 1082 2071 contingere
1106 2025 1268 2066 metam,

245 2077 374 2118 multa
397 2076 487 2117 tulit
510 2076 687 2130 fecitque
710 2092 827 2132 puer,
854 2078 1015 2119 sudavit
1039 2083 1079 2118 et
1101 2077 1213 2127 alsit3

247 2138 441 2180 abstinuit
464 2152 611 2179 venere
635 2145 675 2179 et
699 2139 804 2180 vino.
835 2139 905 2193 qui
928 2138 1079 2194 Pythia
1102 2145 1238 2180 cantat

247 2200 414 2249 tibicen,
440 2199 578 2241 didicit
601 2200 712 2254 prius
738 2201 1003 2254 extimuitque
1027 2201 1279 2256 magistrum.

245 2276 354 2303 nunc
379 2261 476 2302 satis
502 2268 563 2302 est
586 2261 757 2303 dixisse:
786 2276 889 2317 „ego
913 2263 1014 2304 mira
1037 2269 1225 2317 poemata
1248 2277 1402 2318 pang03

247 2330 418 2378 occupet
441 2330 666 2364 extremum
691 2322 848 2365 scabies
856 2340 867 2374 ;
892 2324 992 2365 mihi
1016 2331 1132 2379 turpe
1155 2324 1328 2378 relinqui
1350 2329 1424 2374 est,

247 2392 288 2427 et
311 2385 420 2439 quod
443 2399 525 2426 non
549 2385 671 2426 didici
696 2400 792 2426 sane
816 2385 972 2426 nescire
997 2385 1152 2426 fateri.“

244 2453 290 2487 ut
313 2460 478 2501 praeco,
504 2446 556 2487 ad
581 2461 734 2488 merces
759 2446 919 2487 turbam
943 2447 1013 2500 qui
1037 2447 1146 2501 cogit
1169 2447 1373 2496 emendas,

246 2509 521 2551 adsentatores
546 2508 658 2550 iubet
681 2509 734 2550 ad
756 2508 912 2550 lucrum
936 2509 993 2549 ire
1016 2516 1137 2564 poeta

245 2571 359 2612 dives
383 2571 511 2626 agris,
536 2570 650 2611 dives
674 2570 816 2625 positis
841 2570 883 2611 in
906 2570 1045 2611 fenore
1069 2570 1216 2611 numis.

246 2633 281 2675 si
303 2647 399 2675 vero
424 2639 502 2683 est,
527 2639 694 2674 unctum
718 2633 789 2687 qui
810 2640 918 2674 recte
942 2646 1091 2688 ponere
1114 2632 1255 2687 possit,
