1500 2820
347 159 619 229 dARMINUM
643 189 742 226 Lm.
761 189 831 226 m

42 277 62 303 ’
109 275 396 343 incontinentis
418 310 496 340 nec
520 295 634 352 Tityi
657 296 772 338 iecur

54 387 62 400 κ
108 360 299 417 relinquit
322 359 429 412 ales,
452 359 660 415 nequitiae
684 358 849 401 additus

0 2745 59 2820 s

164 431 326 475 custos3
351 429 576 467 amatorem
600 428 809 465 trecentae

217 486 451 530 Pirithoum
475 486 670 529 cohibent
694 492 875 528 catenae.

416 637 678 678 OARMEN
706 638 762 677 V.

177 737 227 769 IN
254 734 465 769 LAUDEM
489 735 733 768 CAESARIS
759 733 994 768 AUGUSTI.

135 819 264 864 Caelo
288 826 499 864 tonantem
522 819 772 862 credidimus
795 819 942 861 Iovem

133 898 324 942 regnare,
347 898 545 940 praesens
571 883 692 925 divus
717 881 938 925 habebitur

189 946 411 1004 Augustus
437 946 607 989 adiectis
631 945 844 988 Britannis

243 1009 417 1066 imperio
441 1009 724 1067 gravibusque
747 1008 904 1051 Persis,

133 1101 302 1144 milesne
328 1100 474 1145 Crassi
498 1101 673 1158 coniuge
697 1100 874 1144 barbara

135 1164 264 1222 turpis
289 1165 460 1207 maritus
485 1165 607 1216 vixit,
634 1171 674 1206 et
697 1164 879 1206 hostium
904 1189 958 1194 —

187 1243 263 1285 pro
289 1228 404 1271 curia
426 1228 662 1283 inversique
686 1226 843 1270 mores!
869 1253 924 1258 —

245 1291 460 1334 consenuit
485 1306 723 1334 socerorum
746 1290 790 1333 in
814 1290 923 1333 arvis

135 1382 213 1426 sub
237 1398 336 1441 rege
359 1383 490 1426 Medo
513 1383 685 1426 Marsus
710 1389 751 1425 et
774 1382 956 1439 Apulus,

134 1446 374 1490 anciliorum
399 1453 440 1490 et
463 1447 643 1490 nominis
669 1453 710 1488 et
733 1453 856 1504 togae

189 1508 340 1553 oblitus
365 1516 640 1565 aeternaeque
663 1509 833 1560 Vestae,

244 1572 442 1615 ineolumi
464 1572 567 1615 Iove
591 1578 632 1614 et
655 1571 757 1615 urbe
781 1571 943 1615 Roma?

134 1664 214 1707 hoc
238 1671 403 1708 caverat
427 1679 545 1707 mens
569 1665 745 1721 provida
767 1664 921 1722 Reguli

137 1728 419 1771 dissentientis
444 1728 748 1771 conditionibus

188 1790 322 1834 foedis
347 1798 388 1833 et
412 1791 603 1848 exemplo
629 1791 807 1834 trahenti

245 1854 470 1911 perniciem
493 1855 664 1897 veniens
688 1855 733 1896 in
756 1869 919 1906 aevum,

134 1946 170 1988 si
192 1961 275 1989 non
297 1946 450 2003 periret
473 1946 556 1989 iam
579 1946 827 1989 miserabilis

135 2009 299 2065 captiva
321 2009 468 2065 pubes.
497 2009 644 2066 „signa
668 2024 747 2066 ego
771 2009 942 2051 Punicis

192 2071 330 2114 adfixa
353 2071 555 2122 delubris,
583 2079 622 2114 et
647 2088 762 2114 arma

247 2133 446 2176 militibus
473 2135 560 2177 sine
586 2136 712 2177 caede
719 2137 759 2186 ,“
786 2135 901 2186 dixit,

138 2226 324 2282 „direpta
346 2226 450 2277 vidi3
477 2226 561 2268 vidi
585 2241 663 2284 ego
688 2227 841 2269 civium

137 2295 289 2331 retorta
312 2295 430 2345 tergo
454 2288 623 2332 brachia
645 2289 787 2341 libero,

192 2358 416 2407 portasque
439 2367 522 2394 non
546 2352 703 2404 clusas,
730 2359 770 2395 et
795 2369 894 2396 arva

251 2413 389 2456 Marte
414 2415 494 2458 coli
516 2416 714 2472 populata
735 2423 890 2459 nostro.

139 2520 238 2547 auro
261 2519 460 2561 repensus
486 2506 641 2550 scilicet
664 2508 797 2550 acrior

139 2567 259 2610 miles
282 2568 450 2611 redibit!
476 2569 632 2627 flagitio
657 2571 807 2612 additis

196 2631 412 2673 damnum:
436 2647 570 2688 neque
595 2634 771 2676 amissos
797 2633 954 2675 colores

251 2693 347 2736 lana
368 2694 493 2737 refert
516 2697 719 2740 medicata
743 2696 854 2747 fuco,

1154 177 1268 222 ‚57

1293 495 1338 528 80

1300 1456 1341 1487 10

1299 1802 1340 1833 15

1295 2147 1341 2179 20

1298 2519 1343 2550 25
