1500 2820
169 1529 209 1561 10

168 1853 209 1885 15

166 2177 209 2210 20

167 2519 210 2551 25

239 229 320 274 100

664 239 708 282 Q.
728 237 939 276 HORA'PII
955 237 1137 276 FLACOI

596 571 650 620 Q.
680 570 952 611 HORATII
980 571 1211 614 FLAOOI

396 705 801 769 OARMEN
858 705 1394 770 SEOULARE.

426 912 594 956 Phoebe
619 913 892 968 silvarumque
913 920 1059 970 potens
1082 914 1231 966 Diana,

426 975 606 1017 lucidum
631 975 732 1017 caeli
755 976 898 1027 decus,
923 992 947 1019 o
971 977 1129 1019 colendi

426 1052 587 1093 semper
609 1043 649 1078 et
672 1038 786 1087 culti,
812 1039 904 1080 date
929 1053 1032 1093 quae
1055 1053 1267 1094 precamur

511 1106 692 1155 tempore
717 1114 844 1150 sacro,

426 1198 507 1238 quo
534 1182 724 1238 Sibyllini
747 1198 939 1226 monuere
963 1199 1104 1226 versus

426 1245 605 1301 virgines
630 1245 755 1287 lectas
779 1260 1008 1300 puerosque
1033 1252 1166 1288 castos

427 1308 509 1358 dis,
534 1306 682 1361 quibus
707 1314 862 1362 septem
885 1307 1073 1362 placuere
1097 1308 1232 1358 colles,

510 1369 643 1410 dicere
668 1383 843 1410 carmen.

427 1453 531 1495 alme
558 1451 648 1502 Sol,
675 1467 794 1494 curru
817 1453 943 1495 nitido
967 1454 1075 1495 diem
1099 1453 1168 1507 qui

429 1514 582 1570 promis
607 1520 647 1555 et
670 1515 796 1565 celas,
822 1515 1005 1569 aliusque
1031 1521 1070 1556 et
1092 1515 1201 1556 idem

426 1576 623 1627 nasceris,
648 1577 782 1631 possis
806 1577 906 1617 nihil
929 1577 1028 1619 urbe
1053 1577 1185 1619 Roma

510 1638 642 1679 visere
665 1637 816 1680 maius!

425 1717 500 1758 rite
524 1722 702 1758 maturos
728 1717 882 1772 aperire
905 1723 1045 1772 partus

426 1778 547 1828 lenis,
572 1778 754 1833 Ilithyia,
780 1784 891 1820 tuere
916 1785 1078 1828 matres,

429 1841 514 1882 sive
538 1846 583 1880 tu
606 1840 769 1881 Lucina
791 1840 940 1896 probas
965 1840 1101 1882 vocari

511 1916 584 1943 seu
610 1899 828 1943 Genitalis:

427 1980 540 2030 diva,
565 1980 766 2035 producas
792 1979 994 2030 subolem,
1020 1986 1261 2035 patrumque

425 2056 640 2096 prosperes
665 2043 826 2084 decreta
850 2057 971 2097 super
994 2041 1181 2098 iugandis

427 2103 590 2144 feminis
614 2103 820 2158 prolisque
845 2118 974 2146 novae
998 2103 1123 2145 feraci

509 2164 599 2220 lege
623 2165 778 2215 marita,

427 2249 559 2285 certus
584 2243 766 2285 undenos
792 2244 925 2285 decies
950 2259 1022 2299 per
1046 2259 1172 2286 annos

426 2304 535 2347 orbis
560 2310 605 2346 ut
628 2311 770 2347 cantus
794 2306 1021 2359 referatque
1045 2305 1162 2346 ludos

427 2372 488 2408 ter
510 2366 575 2408 die
599 2366 706 2408 claro
731 2367 930 2421 totiesque
954 2373 1069 2422 grata

508 2434 627 2470 nocte
650 2429 895 2483 frequentes.

427 2521 581 2562 vosque
605 2521 769 2550 veraces
794 2507 1007 2558 cecinisse,
1032 2507 1199 2558 Parcae,

428 2569 538 2624 quod
562 2569 687 2611 semel
710 2569 863 2611 dictum
887 2575 949 2612 est
973 2569 1208 2623 stabilisque
1231 2583 1366 2611 rerum

430 2631 622 2672 terminus
648 2637 798 2682 servet,
823 2630 930 2674 bona
952 2632 1033 2673 iam
1057 2631 1230 2688 peractis

510 2693 664 2751 iungite
688 2693 784 2737 fata.
