1500 2820
293 188 349 232 26

222 646 263 678 10

217 981 257 1011 15

201 1998 243 2030 10

198 2340 238 2370 15

722 203 765 247 Q.
786 204 1000 243 HORATH
1015 208 1196 247 FLACCI

514 303 716 360 insignem
740 309 851 350 tenui
874 309 1004 352 fronte
1027 311 1235 367 Lycorida

513 363 613 419 Cyri
636 373 759 409 torret
781 384 911 421 amor,
938 370 1072 427 Cyrus
1096 374 1139 415 in
1162 389 1347 430 asperam

511 426 684 469 declinat
707 429 908 482 Pholoen3
934 434 1007 475 sed
1029 435 1140 489 prius
1165 435 1314 492 Apulis

591 489 808 545 iungentur
830 507 998 549 capreae
1021 495 1140 551 lupis,

507 590 629 630 quam
653 580 759 635 turpi
782 581 938 624 Pholoe
959 591 1102 639 peccet
1124 586 1316 630 adultero.

508 638 567 680 sic
589 640 724 682 visum
747 641 916 694 Veneri,
942 646 1007 687 cui
1028 647 1163 701 placet
1184 649 1360 705 impares

509 699 660 744 formas
685 709 806 757 atque
830 705 986 748 animos
1011 707 1087 750 sub
1110 709 1208 765 iuga
1230 726 1356 755 aenea

589 777 711 806 saevo
735 766 893 809 mittere
917 782 1012 811 cum
1034 770 1136 812 ioco.

502 850 636 905 ipsum
659 868 742 904 me,
767 856 909 898 melior
931 872 1057 911 quum
1079 866 1234 914 peteret
1256 861 1410 915 Venus,

501 919 618 967 grata
641 915 811 957 detinuit
835 920 1029 974 compede
1051 919 1229 975 Myrtale

502 973 705 1026 libertina,
730 977 844 1020 fretis
869 980 996 1021 acrior
1018 980 1200 1025 Hadriae

586 1039 790 1081 curvantis
816 1038 1014 1084 Calabros
1041 1043 1165 1086 sinus.

699 1208 956 1250 OARMEN
983 1212 1187 1253 XXXIV.

751 1303 824 1335 AD
856 1305 915 1336 ΒΕ
946 1305 1133 1340 IPSUM.

495 1380 652 1425 Parcus
677 1384 845 1427 deorum
869 1387 998 1430 cultor
1020 1394 1060 1430 et
1082 1389 1316 1445 infrequens

497 1442 734 1488 insanientis
759 1447 856 1489 dum
881 1449 1101 1504 sapientiae

550 1507 758 1550 consultus
783 1523 890 1560 erro,
915 1525 1023 1553 nunc
1045 1517 1266 1556 retrorsum

603 1567 695 1610 vela
718 1570 813 1612 dare
837 1577 957 1626 atque
980 1573 1124 1616 iterare
1148 1589 1290 1619 cursus

493 1669 617 1711 cogor
638 1657 812 1701 relictos.
837 1675 1012 1716 namque
1035 1662 1256 1720 Diespiter,

489 1717 576 1773 igni
599 1732 766 1762 corusco
790 1721 929 1764 nubila
951 1724 1136 1767 dividens

545 1780 802 1836 plerumque,
826 1798 899 1838 per
920 1800 1068 1840 purum
1091 1793 1276 1831 tonantes

599 1843 683 1899 egit
707 1858 832 1899 equos
857 1846 1143 1903 volucremque
1167 1864 1341 1902 currum,

487 1944 568 1984 quo
592 1931 712 1974 bruta
734 1934 852 1976 tellus
877 1941 917 1977 et
939 1951 1046 1993 vaga
1067 1938 1246 1990 flumina,

486 2006 566 2047 quo
593 1992 698 2049 Styx
721 2001 762 2036 et
783 1996 905 2039 invisi
927 1997 1090 2041 horrida
1112 2000 1286 2044 Taenari

541 2054 658 2097 sedes
681 2054 981 2113 Atlanteusque
1004 2060 1096 2103 finis

595 2117 831 2160 concutitur.
856 2120 964 2162 valet
986 2121 1068 2164 ima
1091 2124 1260 2166 summis

483 2210 656 2256 mutare,
682 2213 722 2248 et
743 2207 946 2264 insignem
970 2216 1151 2254 attenuat
1173 2213 1286 2264 deus,

483 2266 655 2309 obscura
675 2283 866 2323 promens
873 2288 884 2323 ;
909 2272 1004 2315 hinc
1026 2275 1182 2329 apicem
1205 2291 1331 2332 rapax

538 2328 719 2371 Fortuna
741 2345 834 2372 cum
859 2334 1028 2376 stridore
1051 2343 1170 2379 acuto

593 2392 771 2443 sustulit,
796 2393 862 2435 hic
884 2395 1070 2450 posuisse
1093 2399 1255 2454 gaudet.
