1500 2820
112 1303 152 1333 10

112 1612 152 1641 15

111 1918 153 1949 20

113 2227 155 2257 25

180 193 263 238 220
609 203 650 247 Q.
669 204 882 241 HORATII
898 203 1079 242 FLAom

531 365 1003 406 EPISTOLA
1053 367 1156 408 ΙΙΙ.

578 459 672 491 AD
737 460 1105 494 PISONEs

613 545 706 573 Qun:
720 546 838 569 vomo
851 546 1076 570 mscmmm

420 619 532 672 DE
582 620 815 672 ARTE
860 620 1260 675 POETIOA.

231 736 427 778 Humano
452 737 573 791 capiti
598 738 795 779 cervicem
818 739 946 793 pictor
970 740 1159 794 equinam

176 798 343 853 iungere
368 798 402 839 si
424 798 521 838 velit
545 804 584 839 et
606 799 739 840 varias
763 799 952 842 inducere
975 801 1134 855 plumas

176 860 354 913 undique
379 859 533 900 collatis
558 859 770 910 membris,
795 868 839 902 ut
863 862 1031 917 turpiter
1053 868 1185 904 atrum

177 921 334 962 desinat
356 921 398 961 in
421 921 575 976 piscem
598 921 742 963 mulier
765 921 944 964 formosa
968 938 1158 978 superne3

178 988 403 1037 spectatum
427 982 594 1023 admissi
616 983 743 1024 risum
767 984 954 1034 teneatis,
979 985 1121 1026 amici?

176 1043 344 1092 credite,
369 1042 562 1093 Pisones,
586 1043 655 1085 isti
679 1043 839 1086 tabulae
862 1045 948 1087 fore
972 1045 1120 1087 librum

175 1104 439 1159 persimilem,
465 1105 598 1154 cuius,
623 1105 735 1146 velut
758 1106 870 1161 aegri
894 1107 1067 1157 somnia,
1091 1122 1220 1150 vanae

175 1166 379 1221 fingentur
402 1166 576 1220 species,
602 1172 647 1207 ut
670 1181 745 1208 nec
768 1181 840 1222 pes
864 1182 939 1209 nec
963 1174 1084 1224 caput
1106 1169 1177 1211 uni

175 1228 367 1269 reddatur
390 1228 558 1269 formae.
591 1228 838 1283 „pictoribus
864 1237 983 1284 atque
1006 1231 1137 1286 poetis

175 1289 372 1344 quidlibet
395 1289 571 1330 audendi
595 1304 754 1345 semper
777 1290 854 1332 fuit
877 1306 1006 1346 aequa
1027 1295 1247 1348 potestas.“
1487 1329 1490 1331 Α

177 1351 327 1392 scimus
352 1357 391 1392 et
414 1350 519 1392 hanc
542 1351 702 1392 veniam
725 1353 980 1407 petimusque
1005 1354 1231 1409 damusque
1252 1354 1445 1405 vicissim,

177 1412 250 1454 sed
272 1426 354 1454 non
377 1418 422 1453 ut
443 1412 613 1467 placidis
638 1419 781 1454 coeant
803 1414 990 1464 immitia,
1014 1430 1096 1457 non
1119 1421 1163 1456 ut

177 1480 383 1529 serpentes
409 1473 552 1515 avibus
576 1474 849 1529 geminentur,
875 1476 1045 1531 tigribus
1069 1477 1176 1532 agni.

175 1535 346 1590 inceptis
371 1534 564 1590 gravibus
589 1535 826 1590 plerumque
851 1544 890 1578 et
914 1553 1063 1593 magna
1085 1538 1280 1592 professis

176 1612 420 1652 purpureus,
444 1597 524 1639 late
548 1598 618 1651 qui
642 1598 868 1653 splendeat,
894 1614 997 1640 unus
1023 1606 1062 1641 et
1085 1599 1185 1641 alter

177 1659 360 1700 adsuitur
382 1673 560 1713 pannus,
586 1673 711 1712 quum
735 1659 850 1701 lucus
875 1666 915 1701 et
938 1676 1007 1702 ara
1029 1661 1190 1703 Dianae

177 1727 216 1762 et
238 1721 490 1775 properantis
515 1735 644 1774 aquae
667 1735 739 1776 per
762 1737 955 1764 amoenos
979 1722 1155 1765 ambitus
1179 1738 1299 1779 agros

177 1789 246 1824 aut
274 1782 424 1823 flumen
447 1782 638 1824 Rhenum
663 1789 732 1824 aut
753 1783 915 1839 pluvius
939 1784 1179 1826 describitur
1201 1799 1331 1826 arcus.

179 1844 251 1885 sed
275 1858 383 1885 nunc
406 1858 488 1885 non
511 1850 597 1885 erat
619 1844 683 1885 his
706 1844 833 1886 locus.
864 1851 905 1887 et
927 1845 1100 1888 fortasse
1124 1860 1360 1900 cupressum

178 1906 256 1947 scis
282 1905 490 1947 simulare:
514 1905 612 1959 quid
635 1905 731 1955 hoc,
757 1906 792 1947 si
815 1906 953 1948 fractis
978 1912 1113 1948 enatat
1136 1921 1282 1962 exspes

177 1967 368 2017 navibus,
394 1981 485 2008 aere
509 1967 603 2008 dato
627 1968 696 2021 qui
718 1968 922 2023 pingitur?
945 1968 1140 2024 amphora
1163 1968 1295 2023 coepit

177 2029 350 2079 institui3
376 2035 559 2070 currente
582 2035 670 2070 rota
693 2043 765 2070 cur
789 2043 933 2071 urceus
958 2030 1064 2071 exit?

178 2090 352 2143 denique
377 2090 445 2139 sit,
471 2090 580 2143 quod
602 2090 683 2140 vis,
710 2090 883 2145 simplex
906 2091 1102 2132 duntaxat
1125 2097 1166 2132 et
1189 2105 1326 2133 unum.

234 2152 412 2192 maxima
434 2166 528 2206 pars
555 2158 710 2201 vatum,
736 2159 850 2207 pater
874 2158 914 2193 et
935 2153 1103 2194 iuvenes
1126 2159 1240 2207 patre
1263 2153 1388 2209 digni,

179 2213 403 2268 decipimur
427 2213 561 2268 specie
583 2214 701 2254 recti:
727 2213 860 2255 brevis
886 2228 976 2255 esse
999 2213 1150 2264 laboro,

179 2274 376 2316 obscurus
400 2274 473 2324 fi03
499 2280 720 2316 sectantem
743 2275 850 2316 lenia
873 2275 986 2316 nervi

179 2335 371 2376 deficiunt
394 2335 616 2388 animique3
640 2335 850 2390 professus
874 2337 1044 2392 grandia
1066 2342 1218 2392 turget3

180 2397 304 2451 serpit
327 2396 440 2437 humi
463 2403 574 2438 tutus
599 2397 768 2437 nimium
793 2398 1039 2451 timidusque
1062 2397 1272 2452 procellae.

179 2459 249 2511 qui
273 2458 428 2499 variare
452 2458 562 2512 cupit
584 2473 670 2499 rem
693 2459 967 2513 prodigialiter
991 2474 1124 2508 unam,

114 2530 132 2559 3
180 2519 415 2573 delphinum
440 2519 551 2560 silvis
576 2519 776 2574 appingit,
801 2519 990 2561 fluctibus
1015 2534 1170 2575 aprum.

179 2580 221 2620 in
245 2581 387 2621 w'tium
411 2580 523 2621 ducit
546 2580 688 2634 culpae
711 2580 828 2635 suga,
855 2581 889 2622 si
913 2587 1021 2622 caret
1044 2587 1140 2621 arte.

179 2641 403 2685 Aemilium
426 2642 532 2684 circa
555 2641 695 2685 ludum
719 2642 835 2685 faber
856 2642 962 2683 imus
987 2648 1025 2683 et
1048 2654 1206 2698 ungues
