1592 2808
1543 152 1570 189 ,1

123 207 243 239 LXIV
627 211 678 238 m:
701 210 791 238 VITA
814 210 863 237 ΕΤ
886 210 1045 238 scmPrIs

125 286 226 332 quod
236 283 334 320 inter
345 284 457 320 libros
469 283 562 319 duos
571 283 823 328 odarumprio-
845 283 949 319 VHI.
971 284 1015 328 3.,
1039 284 1100 318 vel
1123 283 1194 319 Ars
1238 285 1342 320 oetioa
1380 285 1424 319 ut
1446 282 1557 330 apud*

122 341 182 366 res
206 334 317 376 atque
335 329 433 365 tertii
451 329 536 364 libri
554 329 696 363 initium
714 329 824 364 inter·
848 329 1075 363 Priscianum
1093 328 1158 364 VI.
1178 292 1236 364 1AE
1249 311 1551 372 XVT11.Qu0‹1v

122 375 259 410 iectum
281 374 351 409 fuit
381 374 416 409 h.
437 385 468 409 e.
493 375 599 408 annis
624 373 823 418 730—734.,
849 373 879 407 si
892 373 943 408 ita
956 377 1023 417 est,
1038 373 1171 408 librum
1191 378 1478 409 consentaneum
1491 375 1558 410 est*

122 420 162 454 id
188 420 288 465 quod
312 402 422 454 etiam
446 419 552 454 exiis
569 418 613 453 fit
630 418 823 463 versimile,
848 418 974 453 iisdem
1009 419 1086 453 fere
1115 418 1342 464 temporibus
1373 417 1555 464 seriptum³

125 475 220 511 quae
243 468 355 509 poeta
380 464 426 498 de
452 463 655 498 studiorum
680 474 824 498 suorum
849 474 942 507 esse,
987 463 1096 498 uibus
1113 463 1298 508 posterior
1310 463 1545 509 epistolarum

124 509 268 544 ratione
285 509 350 543 illo
369 512 535 553 tempore
552 508 720 542 instituta
742 518 825 553 pro·
849 507 944 542 liber
992 507 1110 543 itteris
1146 512 1317 543 exaratus
1349 511 1415 543 est.
1460 507 1494 542 A
1522 508 1549 543 't

123 553 249 589 fitetur
261 553 419 599 epistola
431 552 557 598 prima,
572 554 616 588 de
631 564 704 598 qua
714 553 824 587 modo
850 552 946 587 enim
956 552 1044 587 item
1058 553 1102 588 de
1115 563 1155 587 re
1169 552 1341 588 literaria.
1365 552 1506 594 Quamo
1535 572 1549 579 -

126 599 265 633 dictum
277 602 345 642 est,
359 597 444 633 inde
458 609 480 632 a
492 609 587 632 vers.
603 598 646 632 10
659 609 740 643 sqq.
764 598 826 631 At·
850 608 925 632 rem
937 597 1060 631 mirari
1078 607 1166 632 sane
1186 597 1286 632 subit
1298 597 1458 642 origines
1472 596 1549 631 eius

126 654 197 689 que
211 643 304 678 haec
317 643 465 688 quidem
478 643 523 677 de
537 642 632 677 libro
653 642 828 686 epistola·
851 653 873 676 a
886 642 1098 677 Weicherto
1112 643 1231 677 Lectt.
1243 642 1401 678 Venuss.
1418 653 1454 686 p.
1473 641 1550 676 512.

124 699 203 722 rum
215 687 349 732 priore.
398 686 581 732 Sequitur,
599 690 641 721 ut
654 687 763 721 etiam
782 687 826 721 de
851 687 899 721 ad
907 697 937 720 a.
946 687 1020 720 731.
1033 687 1174 731 referri,
1201 697 1272 732 quo
1291 690 1452 731 tempore
1464 697 1551 731 poe-

124 732 342 778 posterioris
361 731 446 767 libri
463 731 691 776 temporibus
705 731 826 765 dicen·
851 735 926 765 tam
939 731 983 766 de
1003 731 1092 765 artis
1111 731 1280 776 poeticae
1298 731 1440 766 ratione
1459 729 1551 765 nihil

126 778 212 812 dum
226 777 283 811 sit.
329 777 388 811 De
402 787 476 822 qua
489 777 634 821 quidem
647 787 687 810 re
701 775 829 810 licebit
853 776 938 809 dum
964 780 1028 810 aut
1051 777 1236 821 cogitasse
1257 779 1320 810 aut
1337 775 1551 821 exposuisse

125 821 234 857 nobis
247 832 330 857 esse
343 821 579 865 brevissimis,
601 820 828 866 quandoqui-
854 820 1029 855 credibile
1060 825 1125 855 est.
1172 820 1411 855 Probabilius
1441 820 1558 865 igitur*

127 867 209 901 dem
228 866 301 901 hoc
318 877 430 900 unum
447 876 515 910 pro
535 870 635 900 certo
655 864 828 899 affirmari
853 864 1081 899 Kirchnerus
1101 869 1137 900 et
1149 865 1456 900 Walckenaerius
1470 875 1552 899 eum

125 914 261 956 potest,
271 912 340 946 scri
370 915 446 945 tum
459 914 496 945 et
503 910 640 945 editum
654 921 734 944 eum
748 920 828 944 esse
854 920 949 944 anno
965 909 1038 944 745.
1047 910 1105 944 vel
1113 910 1457 955 746.assignandum
1471 910 1562 944 cen-⁴

125 959 212 1001 post
235 967 267 991 a.
293 922 367 990 73AE
392 960 429 990 et
448 955 643 999 epistolam
660 955 738 989 eius
757 954 829 998 pri·
856 957 1015 988 suerunt.
1052 954 1282 1000 Quamquam
1295 954 1481 989 fatendum
1496 956 1554 988 est

126 1012 220 1035 mam
233 1004 320 1046 post
338 1011 484 1034 carmen
505 1000 693 1034 saeculare
707 1011 738 1033 a.
754 999 829 1033 737.
854 999 891 1033 in
904 999 985 1044 ipso
1002 1010 1111 1043 opere
1131 999 1222 1033 nihil
1237 999 1435 1044 quidquam
1453 1009 1553 1043 repe·

127 1056 208 1080 esse
235 1045 488 1090 compositum,
515 1044 650 1090 quippe
665 1045 712 1078 ad
731 1043 830 1089 quod
854 1044 928 1087 riri,
942 1044 1039 1078 unde
1053 1047 1196 1088 tempus
1211 1043 1326 1088 ipsius
1341 1043 1464 1078 natale
1479 1054 1555 1077 cer-

127 1101 221 1125 vers.
258 1090 323 1124 130
359 1101 437 1135 sqq.
473 1089 607 1133 respici
641 1089 796 1123 videtur.
815 1091 830 1115 1
854 1088 927 1122 tius
943 1087 1150 1123 definiatur.
1198 1088 1381 1130 Quocirca
1394 1087 1454 1122 hic
1491 1098 1556 1122 uo-

128 1135 358 1180 Quamquam
401 1134 613 1179 ceteroquin
653 1144 831 1178 perquam
857 1144 926 1178 que
945 1143 1045 1168 mera
1064 1133 1297 1168 coniecturae
1316 1133 1474 1168 verisimi
1489 1133 1556 1166 itu—

128 1179 335 1214 verisimilis
361 1183 418 1213 est
440 1178 606 1213 Massoni
637 1177 830 1221 sententia,
857 1178 941 1212 dine
955 1177 1189 1222 acquiescere
1205 1177 1379 1223 cogimur.

129 1224 190 1269 qui
204 1224 399 1268 epistolam
417 1224 464 1258 ad
478 1224 686 1268 Augustum
704 1234 735 1257 a.
756 1222 831 1256 744.
888 1223 966 1256 Iam
979 1233 1065 1257 vero
1079 1222 1137 1256 his
1151 1222 1327 1267 expositis
1340 1221 1481 1256 iuvabit
1493 1221 1556 1256 ali-

130 1273 285 1304 exeunte
301 1269 376 1303 sive
397 1268 547 1302 ineunte
566 1279 597 1302 a.
611 1267 686 1301 745.
701 1267 831 1301 litteris
858 1267 1005 1312 quando
1025 1267 1138 1302 veluti
1163 1278 1339 1302 summam
1362 1277 1487 1301 eorum
1505 1267 1557 1301 fe-

130 1318 317 1348 exaratam
353 1324 434 1348 esse
471 1313 695 1358 argumentis
727 1322 831 1346 sane·
858 1312 970 1356 cisse,
996 1323 1091 1358 quae
1104 1312 1283 1347 hactenus
1298 1311 1343 1346 de
1357 1311 1466 1346 variis
1480 1311 1556 1346 Ho-

130 1370 238 1404 quam
280 1357 538 1403 probabilibus
581 1358 831 1392 demonstrare
856 1357 939 1391 ratii
954 1357 1083 1391 studiis
1097 1361 1135 1391 et
1154 1357 1198 1391 de
1217 1359 1424 1408 poematum
1442 1356 1558 1400 ipsius

131 1407 283 1438 conatus
309 1405 404 1438 est.²
452 1402 608 1436 Omnino
634 1406 754 1436 autem
781 1401 833 1435 sic
857 1401 1271 1446 temporibuscopiosius
1281 1400 1557 1445 explicatasunt.

130 1449 275 1483 videtur
287 1447 566 1482 existimandum
586 1458 679 1490 esse,
705 1450 746 1480 ut
757 1446 832 1480 Ho—
879 1446 974 1480 Bina
987 1446 1098 1491 igitur
1110 1446 1255 1480 illorum
1265 1445 1457 1480 statuimus
1471 1449 1558 1479 tem-

130 1493 256 1536 ratius,
284 1492 589 1544 quemadmodum
607 1491 739 1525 librum
762 1490 832 1535 pri·
856 1502 959 1536 pora,
975 1490 1272 1536 quandoquidem
1291 1494 1402 1535 poeta
1411 1491 1559 1535 primum

130 1549 226 1572 mum
252 1538 489 1582 eplstolarum
520 1536 614 1570 inter
638 1547 668 1570 a.
695 1536 770 1570 730.
797 1539 835 1569 et
856 1538 891 1570 in
909 1537 1090 1570 scribendis
1108 1536 1221 1580 epodis
1238 1541 1338 1580 atque
1355 1535 1468 1568 satiris
1486 1535 1558 1569 ela-

132 1582 218 1625 734„
245 1593 317 1627 quo
349 1586 512 1626 tempore
544 1592 566 1615 a
588 1580 693 1626 poesi
718 1580 834 1625 lyrica
858 1580 1019 1623 boravit3
1044 1581 1160 1614 deinde
1178 1583 1300 1614 autem
1325 1580 1560 1624 componendis

131 1626 320 1670 abstinuit,
343 1626 594 1670 composuisse
607 1625 763 1669 videtur,
781 1625 834 1659 ita
859 1626 1061 1659 carminibus
1076 1626 1190 1669 lyricis
1202 1631 1301 1676 atque
1313 1625 1461 1669 epistolis
1475 1635 1559 1668 ope—

132 1672 264 1706 librum
290 1671 527 1716 epistolarum
553 1671 750 1704 secundum
771 1670 833 1704 ab·
858 1682 935 1705 ram
950 1669 1060 1704 dedit.
1075 1669 1185 1711 Quod
1199 1669 1347 1714 quidem
1361 1669 1413 1703 ita
1426 1668 1558 1703 fecisse

133 1717 254 1751 soluto
270 1716 414 1750 demum
454 1718 559 1749 uarto
574 1715 726 1749 odarum
740 1714 833 1748 libro
859 1715 1076 1749 iudicandus
1113 1718 1186 1758 est,
1234 1713 1320 1765 quia
1355 1717 1560 1758 temporum

133 1762 217 1795 inde
232 1761 278 1795 ab
293 1771 390 1794 anno
405 1726 480 1794 721.
494 1759 625 1794 litteris
640 1759 833 1804 consigna—
861 1759 1102 1794 communium
1121 1762 1274 1793 mutatio
1295 1758 1403 1793 etiam
1423 1757 1559 1792 studio-

133 1806 229 1840 visse
287 1809 447 1850 putetur.
552 1804 596 1837 Id
627 1804 727 1849 quod
757 1804 835 1838 fere
860 1817 937 1839 rum
984 1804 1098 1848 ipsius
1144 1803 1380 1837 mutationem
1428 1803 1560 1836 attulit.

133 1851 242 1885 etiam
261 1852 377 1883 visum
396 1853 454 1884 est
465 1848 634 1883 Bentleio
656 1852 693 1883 et
704 1848 835 1882 Kirch-
860 1849 1082 1884 Prodierunt
1094 1851 1217 1882 autem
1230 1851 1359 1882 nostra
1379 1847 1562 1882 sententia

132 1906 239 1939 nero,
277 1905 433 1940 quorum
457 1894 550 1928 alter
576 1893 728 1928 secundi
752 1893 836 1927 libri
862 1894 999 1938 scripta
1011 1894 1089 1927 eius
1103 1893 1174 1927 hoc
1187 1892 1332 1926 ordine:

133 1939 310 1985 epistolas
336 1939 432 1973 intra
455 1949 487 1972 a.
515 1938 716 1982 740—746.‚
743 1938 837 1972 alter
882 1939 1046 1982 LEpom,
1061 1938 1146 1972 inde
1160 1937 1456 1982 aba.713.usque
1469 1937 1516 1970 ad
1529 1947 1561 1970 a.

133 1985 281 2019 easdem
300 1984 396 2018 intra
420 1994 452 2017 a.
473 1982 661 2018 743-746.
681 1983 836 2027 scriptas
928 1982 1003 2017 724.
1018 1982 1143 2027 scripti
1155 1986 1192 2017 et
1205 1981 1427 2016 coniunctim
1439 1992 1472 2015 a.
1487 1980 1561 2015 724.

133 2029 341 2064 arbitratur.
360 2027 482 2074 Atque
496 2028 566 2062 hac
580 2028 762 2062 sententia
773 2038 836 2061 no·
928 2027 1101 2072 evulgati.

134 2075 190 2109 bis
214 2074 340 2151 utiqktzie
359 2073 504 2124 videtur
528 2073 837 2118 acquiescendum
883 2073 931 2107 11.
941 2071 1259 2116 SA'r1nAE,indeab
1269 2082 1300 2105 a.
1309 2070 1507 2121 713.usque
1516 2070 1562 2104 ad

134 2130 227 2154 esse.
319 2122 416 2152 estat
444 2121 557 2169 igitur
579 2128 654 2151 una
677 2129 735 2151 ars
757 2129 836 2161 poe·
929 2129 959 2152 a.
974 2118 1047 2151 726.
1062 2117 1287 2159 elaboratae,
1328 2126 1454 2150 uarum
1471 2115 1564 2149 liber

134 2165 210 2206 tica,
226 2163 271 2197 de
287 2174 359 2208 qua
372 2162 630 2206 explicandum
646 2161 701 2196 sit.
747 2162 836 2195 Eam
928 2163 956 2196 Ι.
971 2173 1002 2196 a.
1017 2162 1104 2205 720„
1120 2161 1186 2195 sed
1204 2160 1298 2195 liber
1349 2186 1357 2194 .
1370 2171 1403 2194 a.
1417 2159 1492 2194 726.
1505 2159 1563 2194 vel

134 2219 220 2243 vero
241 2207 406 2251 epistolis
426 2206 735 2241 annumerandam
756 2216 837 2240 esse
929 2207 1004 2241 727.
1018 2206 1138 2241 editus
1153 2209 1219 2240 est.

134 2252 279 2286 minime
289 2252 438 2285 dubium
452 2255 519 2295 est,
529 2262 748 2296 quamquam
762 2261 837 2284 non
883 2251 948 2285 III.
958 2251 1148 2285 CAnmnmu
1156 2249 1239 2284 libri
1247 2249 1320 2284 duo
1327 2249 1563 2294 priorespau-

135 2298 242 2331 modo
263 2297 419 2341 Epistola
442 2297 487 2330 ad
505 2297 646 2329 Pisones
670 2294 835 2329 inscribi-
929 2296 981 2330 cis
1006 2295 1168 2339 exceptis
1187 2294 1272 2329 inde
1291 2294 1338 2328 ab
1359 2304 1391 2328 a.
1411 2293 1486 2327 724.
1506 2304 1563 2326 us-

135 2346 204 2386 tur,
225 2341 290 2376 sed
308 2340 417 2375 etiam
430 2345 583 2374 vocatur
599 2341 696 2374 Liber
713 2342 753 2374 de
765 2345 838 2373 arte
928 2351 998 2386 que
1013 2341 1060 2374 ad
1068 2351 1098 2374 a.
1107 2339 1182 2373 730.
1194 2338 1331 2384 scripti,
1340 2337 1429 2373 editi
1442 2341 1563 2372 autem

130 2388 274 2432 poetica,
301 2396 373 2431 quo
391 2384 538 2420 nomine
557 2385 671 2419 utitur
684 2384 836 2426 Quintil.
928 2397 960 2419 a.
976 2385 1050 2419 730.
1064 2384 1123 2418 vel
1137 2383 1213 2418 731.

139 2452 159 2455 ·-
883 2430 1208 2465 IV.EP1sr01.Amm
1216 2426 1562 2472 liberprimus,inde

169 2479 183 2502 1
202 2484 230 2502 v.
245 2477 367 2502 schmid.
387 2477 417 2502 ln
436 2477 503 2502 edit·
523 2477 605 2508 epist.
624 2476 688 2501 VOl.
707 2476 743 2501 11.
769 2483 796 2507 p.
810 2476 835 2501 7.
928 2474 975 2508 ab
989 2485 1021 2508 a·
1035 2474 1110 2507 731.
1129 2484 1246 2517 usque
1267 2473 1315 2507 ad
1333 2483 1366 2506 a·
1386 2471 1463 2506 734·
1478 2471 1564 2505 scri-

137 2510 835 2575 πῆξεεεξεξξῆεεεε.ῆῆεξξῆπῆῆεξ;
927 2523 1025 2563 ptus,
1046 2522 1156 2563 atque
1177 2528 1208 2551 a·
1229 2516 1304 2551 ⁷34-
1326 2519 1480 2552 eeunet
1505 2516 1563 2550 νει

136 2579 279 2603 210—216.
295 2580 322 2602 et
341 2579 368 2603 in
382 2579 445 2602 vita
459 2578 554 2602 Horat.
575 2585 601 2608 p.
617 2578 665 2602 360
679 2584 738 2608 sqq.
763 2577 836 2601 Mas-
926 2564 1074 2598 ineunte
1089 2574 1121 2597 a.
1134 2563 1154 2596 7
1156 2562 1209 2596 35.
1225 2562 1355 2596 editus.

137 2612 198 2637 soni
223 2612 392 2636 sententiam
416 2611 613 2636 confirmarunt
632 2612 716 2636 etiam
735 2611 836 2635 Dacie-
882 2609 925 2644 V,
941 2607 1129 2642 CARMINUM
1143 2607 1237 2641 liber
1248 2606 1388 2650 tertius,
1409 2615 1442 2639 a,
1455 2603 1564 2638 735-

137 2644 355 2710 ῗαᾶζέιᾷᾳξχέι
368 2645 525 2704 ξῦθῗὲὴῖιὶἓὲ
537 2644 812 2703 gzngggnetxdgssyf
806 2643 835 2709 1}
927 2652 1002 2686 736·
1011 2651 1191 2696 susceptis
1211 2651 1317 2685 Simul
1328 2649 1562 2696 pristinorum

138 2712 281 2738 ios-ies.
924 2701 1129 2742 temporum
1146 2696 1288 2731 lusibus
1313 2694 1503 2731 confectus
1527 2698 1564 2728 et
