1566 2814
445 185 812 226 EPISTOLARUM
834 185 932 222 LIB.
952 185 1002 222 11.
1320 175 1405 219 223

35 302 132 340 <st
156 296 276 339 effert
299 295 426 338 animi
449 306 586 337 motus
609 294 832 349 interprete
855 292 1010 349 lingua.

38 358 49 365 ’
97 359 271 403 dicentis
296 367 415 402 erunt
439 358 614 401 fortunis
639 356 798 399 absona
821 355 943 405 dicta,

86 422 216 465 mani
239 422 384 465 tollent
407 421 566 476 equites
590 419 835 476 peditesque
859 417 1119 460 cachinnum.

93 485 277 528 intererit
299 484 476 527 multum
499 483 702 525 Davusne
726 482 920 536 loquatur
943 496 996 523 an
1020 480 1154 531 heros,

36 561 277 602 maturusne
303 562 431 590 senex
454 562 508 589 an
531 545 670 588 adhuc
692 544 864 586 florente
888 544 1059 586 iuventa
1433 555 1495 586 115

37 608 241 669 fervidus,
267 626 321 652 an
344 616 532 652 matrona
555 615 722 665 potens,
748 623 801 649 an
827 607 972 649 sedula
995 606 1147 657 nutrix,

37 680 291 719 mercatorne
315 688 469 730 vagus,
495 671 679 714 cultorne
703 670 874 712 virentis
899 669 1035 726 agelli,

39 732 223 784 Colchus
248 752 302 778 an
324 736 548 792 Assyrius,
574 734 732 777 Thebis
757 733 936 775 nutritus
962 748 1014 774 an
1038 731 1184 789 Argis.

38 799 110 853 {ut
132 801 290 842 famam
317 814 509 854 sequere,
535 807 606 841 aut
632 797 711 840 sibi
735 797 1022 839 convenientia
1046 796 1170 853 finge.

38 855 213 920 {criptor
236 863 482 906 honoratum
507 862 543 905 si
567 862 673 904 forte
697 861 863 917 reponis
889 859 1120 911 Achillem
1434 872 1498 903 120

36 924 232 984 impiger,
256 926 499 976 iracundus,
523 924 809 975 inexorabilis,
837 938 932 966 acer

37 982 128 1038 fili-a
150 995 276 1046 neget
300 988 380 1031 sibi
402 995 519 1039 nata,
544 988 647 1030 nihil
670 1002 755 1030 non
779 987 953 1043 adroget
977 986 1116 1028 armis.

40 1050 93 1106 sit
114 1051 270 1095 Medea
292 1052 412 1095 ferox
435 1052 688 1106 invictaque,
714 1050 863 1093 flebilis
888 1050 979 1100 Ino,

36 1115 220 1177 perfidus
244 1115 384 1166 Ixion,
410 1115 459 1158 Io
482 1130 609 1172 vaga,
635 1114 763 1156 tristis
791 1111 979 1156 Orestes.

39 1175 78 1223 si
99 1179 200 1234 quid
222 1178 484 1235 inexpertum
509 1192 658 1221 scenae
683 1177 924 1227 committis,
952 1182 993 1218 et
1016 1175 1145 1218 audes
1436 1186 1499 1218 125

38 1254 260 1301 personam
283 1241 462 1284 formare
486 1256 657 1292 novam3
684 1246 872 1282 servetur
895 1239 949 1280 ad
972 1238 1115 1289 imum,

25 1304 174 1360 qualis
198 1303 251 1347 ab
274 1304 440 1360 incepto
462 1303 729 1360 processerit,
756 1309 798 1344 et
822 1301 902 1344 sibi
927 1307 1100 1343 constet.

25 1366 210 1414 *difficile
234 1373 298 1409 est
322 1366 486 1423 proprie
512 1365 747 1408 communia
770 1365 926 1415 dicere;
951 1370 1079 1419 tuque

26 1429 190 1490 gentius
214 1429 392 1472 Iliacum
416 1444 583 1472 carmen
607 1428 779 1471 deducis
803 1428 847 1470 in
871 1434 1002 1478 actus,

25 1491 164 1555 «luam
189 1492 225 1535 si
247 1492 453 1549 proferres
477 1493 621 1550 ignota
644 1492 880 1546 indictaque
904 1490 1076 1547 primus.
1436 1502 1499 1534 130

26 1555 205 1615 ,publica
227 1556 420 1598 materies
444 1556 595 1612 privati
618 1556 719 1597 iuris
746 1556 839 1605 erit,
867 1554 903 1597 si

26 1631 122 1669 ajon
145 1619 254 1661 circa
276 1619 401 1662 vilem
423 1619 695 1676 patulumque
720 1618 947 1660 moraberis
972 1617 1134 1669 orbem;

27 1686 116 1737 Qec
139 1681 313 1725 verbum
337 1681 465 1724 verbo
490 1681 655 1724 curabis
679 1682 853 1724 reddere
877 1681 986 1723 fidus

27 1736 259 1801 xhterpres3
283 1759 362 1787 nec
386 1744 552 1787 desilies
576 1745 759 1787 imitator
781 1744 826 1786 in
850 1750 998 1794 artum,

27 1796 149 1867 ¹»finde
172 1808 322 1864 pedem
345 1807 530 1864 proferre
553 1807 688 1863 pudor
711 1813 822 1849 vetet
847 1813 918 1848 aut
942 1806 1078 1862 operis
1103 1805 1184 1848 lex.
1436 1820 1499 1851 135

27 1869 116 1930 {ec
140 1869 200 1912 sic
222 1870 414 1926 incipies,
439 1876 487 1911 ut
511 1870 685 1926 scriptor
709 1869 890 1926 cyclicus
916 1868 1032 1911 olim:

30 1931 278 1992 {fortunam
302 1933 458 1976 Priami
482 1933 658 1975 cantabo
685 1940 725 1975 et
747 1932 885 1975 nobile
909 1931 1106 1974 bellum.“

26 1996 141 2062 Quid
163 1997 336 2054 dignum
360 2003 475 2039 tanto
499 1996 604 2038 feret
627 1996 695 2038 hic
718 1996 947 2052 promissor
970 1995 1112 2037 hiatu?

28 2057 267 2119 {parturient
289 2067 471 2111 montes,
497 2067 690 2102 nascetur
713 2060 911 2102 ridiculus
936 2074 1043 2102 mus.

27 2131 196 2181 quanto
218 2123 371 2167 rectius
395 2123 481 2174 hie,
507 2123 579 2178 qui
602 2123 660 2165 nil
684 2124 851 2166 molitur
873 2123 1031 2179 inepte:
1437 2136 1501 2168 140

29 2179 136 2229 sdic
157 2187 260 2229 mihi
282 2186 412 2229 Musa
435 2187 589 2238 virum,
615 2193 760 2243 captae
783 2193 880 2243 post
904 2193 1091 2243 tempora
1116 2185 1267 2228 Troiae

27 2268 34 2286 ο
99 2249 110 2259 ‘
135 2265 272 2293 mores
296 2250 512 2293 hominum
535 2250 760 2292 multorum
784 2251 888 2292 vidit
912 2256 954 2292 et
977 2250 1143 2292 urbes.“

30 2329 35 2348 ι
96 2327 126 2355 n
149 2313 311 2355 fumum
335 2327 388 2355 ex
411 2313 591 2370 fulgore,
618 2314 692 2356 sed
716 2328 768 2356 ex
791 2314 909 2356 fumo
933 2314 1032 2355 dare
1057 2313 1193 2355 lucem

29 2395 34 2412 ε
92 2375 215 2433 gitat,
241 2382 287 2418 ut
311 2376 500 2432 speciosa
523 2376 674 2419 dehinc
697 2377 896 2419 miracula
919 2384 1094 2433 promat,

115 2439 301 2496 tiphaten
327 2438 593 2495 Scyllamque
618 2447 660 2482 et
683 2455 778 2482 cum
804 2440 990 2497 Cyclope
1016 2439 1274 2496 Charybdim
1282 2455 1294 2490 ;
1437 2452 1499 2482 145

31 2518 35 2534 ¹
75 2511 78 2513 ’
141 2502 320 2544 reditum
343 2502 562 2545 Diomedis
587 2503 639 2545 ab
663 2503 830 2545 interitu
853 2503 1072 2559 Meleagri,

32 2586 34 2598 ν
81 2610 91 2623 7
142 2565 311 2622 gemino
334 2565 488 2608 bellum
513 2566 740 2608 Troianum
765 2566 923 2608 orditur
946 2565 999 2608 ab
1025 2580 1116 2607 ovo.

86 2686 89 2687 ⁷
131 2642 208 2684 per
230 2627 284 2670 ad
307 2635 501 2670 eventum
524 2629 693 2671 festinat
718 2635 758 2671 et
781 2629 826 2670 in
848 2628 1007 2670 medias
1031 2642 1112 2678 res,

85 2694 100 2744 j
150 2706 271 2735 secus
296 2706 346 2734 ac
368 2698 507 2743 notas,
533 2693 763 2736 auditorem
785 2692 912 2749 rapit,
938 2700 979 2735 et
1002 2706 1110 2747 quae
