1546 2820
228 169 282 213 18

103 335 201 388 ἰο

151 1438 194 1471 10

150 1777 192 1807 15

656 182 699 224 Q.
718 182 931 219 HORATII
948 182 1128 220 FLACCI

451 282 688 326 Caecubum
713 292 752 327 et
774 286 911 341 praelo
935 287 1130 328 domitam
1154 286 1308 330 Caleno

449 350 493 386 tu
516 344 633 388 bibes
657 361 798 388 uvam:
822 362 914 389 mea
935 362 1011 390 nec
1032 349 1230 391 Falernae

448 412 675 462 temperant
697 409 800 450 vites
823 423 956 464 neque
979 410 1186 452 Formiani

528 469 677 524 pocula
699 470 834 513 colles.

689 641 945 681 CARMEN
973 643 1095 681 XXI.

428 734 626 767 HYMNUS
652 735 719 766 AD
745 735 942 767 DIANAM
965 738 1032 768 ET
1057 736 1354 770 APOLLINEM.

417 815 597 857 Dianam
620 822 782 859 tenerae
808 817 929 859 dicite
952 818 1142 874 virgines,

414 877 640 928 intonsum,
663 879 797 933 pueri,
825 879 946 920 dicite
971 878 1194 934 Cynthium

468 939 753 994 Latonamque
778 955 967 995 supremo

524 1001 712 1043 dilectam
734 1002 895 1057 penitus
919 1002 1020 1044 Iovi.

415 1104 488 1132 vos
514 1091 662 1132 laetam
685 1091 819 1133 fluviis
845 1098 884 1132 et
907 1106 1118 1134 nemorum
1141 1107 1269 1144 coma,

414 1165 694 1206 quaecumque
717 1159 788 1194 aut
811 1153 946 1208 gelido
969 1153 1168 1209 prominet
1190 1154 1357 1210 Algido,

468 1214 595 1270 nigris
619 1220 690 1256 aut
711 1213 957 1269 Erymanthi

524 1276 637 1318 silvis
662 1282 732 1318 aut
754 1277 893 1319 viridis
919 1275 1063 1333 Cragi3

412 1380 485 1407 vos
510 1365 666 1422 Tempe
690 1365 858 1407 totidem
882 1366 1006 1408 tollite
1029 1366 1218 1408 laudibus

412 1427 686 1481 natalemque,
710 1441 861 1477 mares,
885 1427 1023 1469 Delon
1045 1427 1262 1483 Apollinis,

465 1489 748 1545 insignemque
771 1489 960 1543 pharetra

521 1551 778 1605 fraternaque
801 1550 1013 1592 humerum
1036 1550 1134 1606 lyra.

411 1639 476 1681 hic
498 1639 651 1681 bellum
673 1639 950 1690 lacrimosum,
975 1640 1041 1681 hic
1064 1640 1254 1682 miseram
1277 1640 1428 1682 famem

409 1706 646 1756 pestemque
669 1716 694 1742 a
715 1701 867 1756 populo
891 1707 931 1742 et
953 1701 1132 1756 principe
1159 1701 1335 1744 Caesare
1358 1703 1399 1743 in

465 1761 615 1804 Persas
641 1769 762 1816 atque
785 1763 1004 1805 Britannos

522 1831 657 1866 vestra
679 1831 814 1867 motus
839 1831 934 1881 aget
955 1839 1089 1880 prece.

671 1995 927 2035 CARMEN
955 1996 1098 2035 XXII.

603 2090 670 2120 AD
696 2090 934 2123 ARISTIUM
956 2091 1165 2124 FUSCUM.

436 2172 601 2228 Integer
624 2172 731 2213 vitae
756 2171 1000 2225 scelerisque
1023 2187 1147 2227 purus

436 2247 519 2275 non
542 2238 636 2288 eget
658 2232 818 2274 Mauris
841 2233 983 2275 iaculis
1007 2248 1139 2287 neque
1163 2248 1260 2276 arcu

436 2309 511 2336 nec
533 2294 742 2336 venenatis
765 2294 935 2350 gravida
959 2295 1130 2350 sagittis,

521 2356 675 2407 Fusce,
699 2356 907 2412 pharetra3

437 2440 522 2482 sive
544 2455 617 2495 per
642 2439 784 2496 Syrtes
808 2440 884 2481 iter
907 2446 1130 2490 aestuosas,

436 2502 521 2543 sive
545 2502 726 2545 facturus
750 2517 823 2557 per
844 2502 1129 2557 inhospitalem

437 2563 668 2606 Caucasum
692 2564 758 2605 vel
780 2578 884 2618 quae
907 2564 997 2605 loca
1020 2563 1231 2605 fabulosus

517 2626 658 2667 lambit
683 2626 915 2681 Hydaspes.
