1500 2820
463 171 766 213 SATIRARUM
788 170 888 210 LIB.
911 169 962 208 11.

40 252 63 278 'vx

20 279 194 337 &cion
223 285 378 342 irriguo
402 282 504 325 nihil
528 291 593 325 est
616 280 768 323 elutius
792 279 927 323 horto.

0 345 61 398 «ἅ
78 348 337 406 vespertinus
363 346 500 390 subito
525 353 565 388 te
589 343 841 401 oppresserit
865 343 1031 399 hospes,

10 427 74 459 m
93 412 247 472 gallina
270 410 426 453 malum
449 415 666 466 responset
690 408 794 449 dura
815 407 969 463 palato,

18 476 163 525 doctus
188 476 267 518 eris
292 475 432 517 vivam
454 479 593 516 musto
617 486 799 514 mersare
822 470 1020 520 Falern03

8 540 98 584 111οο
119 545 304 582 teneram
327 538 464 580 faciet.
495 534 758 594 pratensibus
784 534 940 591 optima
964 532 1106 590 fungis

8 608 166 648 matura
187 608 269 653 est,
295 601 386 644 aliis
410 600 518 643 male
544 599 734 642 creditur.
765 598 834 640 ille
861 571 1067 640 salubreso

7 671 197 715 §estates
221 670 411 722 peraget,
437 664 509 719 qui
534 663 663 720 nigris
687 661 861 718 prandia
884 660 1011 702 moris

8 725 151 780 issniet,
176 734 271 771 ante
295 742 467 785 gravem
491 741 598 781 quae
621 725 768 782 legerit
792 723 938 766 arbore
963 722 1105 765 solem.

22 782 216 843 Aufidius
241 791 339 834 forti
362 789 565 832 miscebat
588 788 712 831 mella
734 787 932 830 Falerno:

23 855 238 907 mendose3
269 854 466 910 quoniam
490 854 633 896 vacuis
659 852 914 895 committere
939 851 1056 893 venis

22 918 80 963 1111
101 918 183 961 nisi
211 918 303 960 lene
328 917 464 960 decet:
495 916 578 959 leni
600 916 843 973 praecordia
866 914 1002 956 mulso

21 981 222 1041 prolueris
245 981 406 1024 melius.
444 981 480 1023 si
504 981 608 1022 dura
630 979 858 1022 morabitur
882 978 1012 1028 alvus,

21 1044 190 1094 mitulus
214 1050 256 1087 et
277 1044 382 1087 viles
405 1043 560 1100 pellent
584 1043 792 1086 obstantia
816 1041 998 1084 conchae

22 1113 64 1153 et
85 1107 242 1164 lapathi
265 1107 403 1150 brevis
428 1106 575 1157 herba,
602 1107 677 1149 sed
701 1105 796 1148 albo
820 1121 904 1148 non
929 1105 1018 1147 sine
1044 1102 1148 1146 Coo.

21 1170 179 1215 lubrica
201 1176 420 1213 nascentes
443 1169 618 1226 implent
642 1169 858 1225 conchylia
881 1169 1023 1219 lunae3

24 1234 97 1279 sed
118 1250 202 1277 non
225 1249 348 1277 omne
371 1248 485 1276 mare
510 1239 574 1276 est
596 1247 824 1290 generosae
849 1232 983 1274 fertile
1008 1237 1151 1273 testae.

23 1297 178 1341 murice
201 1297 363 1340 Baiano
387 1297 534 1340 melior
555 1297 743 1338 Lucrina
765 1295 932 1351 peloris,

22 1367 159 1405 ostrea
183 1360 376 1412 Circeiis,
402 1359 568 1402 Miseno
594 1360 780 1402 oriuntur
804 1359 951 1408 echini,

20 1424 254 1483 pectinibus
277 1423 430 1480 patulis
454 1424 580 1466 iactat
605 1437 649 1465 se
672 1422 797 1465 molle
823 1422 1063 1464 Tarentum.

19 1501 100 1530 nec
123 1486 203 1530 sibi
227 1502 449 1530 coenarum
473 1486 610 1542 quivis
635 1493 790 1528 temere
814 1491 978 1542 arroget
1002 1491 1146 1535 artem,

24 1564 107 1592 11011
128 1549 244 1606 prius
269 1556 416 1592 exacta
439 1550 553 1592 tenui
576 1549 734 1592 ratione
760 1564 968 1605 saporum.

19 1626 102 1656 ‘nec
126 1613 226 1656 satis
251 1618 315 1655 est
338 1628 433 1655 cara
454 1613 592 1669 pisces
617 1626 805 1654 averrere
829 1627 987 1662 mensa,

11 1674 232 1734 ignarum,
258 1676 409 1731 quibus
435 1683 498 1718 est
520 1676 586 1718 ius
612 1675 748 1732 aptius
773 1681 814 1718 et
838 1675 990 1730 quibus
1017 1675 1123 1717 assis

25 1736 247 1796 languidus
270 1739 315 1780 in
338 1738 524 1781 cubitum
548 1739 633 1781 iam
658 1754 703 1782 se
728 1739 904 1781 conviva
926 1746 1110 1795 reponet.

26 1799 188 1845 Umber
211 1808 252 1844 et
274 1802 404 1859 iligna
426 1802 605 1844 nutritus
629 1803 781 1859 glande
805 1803 1005 1844 rotundas

26 1870 168 1907 curvet
191 1880 290 1921 aper
312 1865 450 1907 lances
476 1879 642 1907 carnem
666 1866 834 1907 vitantis
858 1865 1052 1916 inertem3

26 1942 123 1979 nam
143 1928 337 1970 Laurens
360 1928 496 1970 malus
522 1934 602 1979 est,
627 1928 736 1971 ulvis
762 1934 803 1970 et
826 1929 1026 1970 arundine
1050 1928 1231 1984 pinguis.

27 1989 147 2032 vinea
171 1990 374 2033 submittit
398 2005 569 2047 capreas
592 2006 679 2033 non
703 2006 866 2047 semper
890 1991 1045 2033 edules.

26 2051 230 2095 fecundae
252 2054 405 2110 leporis
431 2054 596 2110 sapiens
623 2053 848 2096 sectabitur
872 2068 1022 2096 armos.

27 2116 211 2172 piscibus
235 2123 359 2172 atque
384 2116 531 2159 avibus
556 2131 663 2172 quae
687 2123 835 2160 natura
859 2124 900 2159 et
923 2118 1030 2160 foret
1054 2123 1181 2168 aetas,

19 2185 121 2222 ⁴ante
144 2194 284 2222 meum
307 2179 410 2221 nulli
433 2180 566 2236 patuit
590 2181 779 2236 quaesita
801 2181 999 2237 palatum.

0 2253 1 2258 ’
29 2249 124 2285 sunt
147 2257 324 2297 quorum
346 2243 560 2300 ingenium
583 2259 693 2287 nova
716 2251 878 2287 tantum
902 2245 1086 2288 crustula
1109 2244 1272 2302 promit.

0 2333 3 2360 3
27 2319 289 2361 nequaquam
314 2307 414 2349 satis
437 2307 482 2348 in
503 2322 549 2349 re
572 2323 656 2350 una
679 2323 922 2351 consumere
947 2324 1108 2360 curam3

5 2373 74 2410 ...ut
97 2368 134 2410 si
156 2368 250 2423 quis
276 2368 411 2411 solum
433 2369 532 2421 hoc,
557 2371 667 2413 mala
690 2386 742 2414 ne
767 2372 850 2414 sint
873 2372 989 2423 vina,
1014 2371 1186 2422 laboret,

29 2430 139 2484 quali
162 2431 384 2487 perfundat
406 2433 543 2489 pisces
569 2449 738 2477 securus
764 2435 886 2478 olivo.

0 2489 215 2539 ÷Massiea
239 2494 275 2536 si
298 2495 415 2538 coelo
439 2511 649 2553 supponas
674 2499 772 2540 vina
797 2514 954 2550 sereno,

0 2582 10 2624 Ι
8 2551 245 2607 nocturna,
271 2557 307 2599 si
330 2559 430 2613 quid
455 2561 583 2603 crassi
607 2567 688 2612 est,
714 2561 951 2604 tenuabitur
975 2577 1086 2612 aura,

30 2622 73 2660 et
93 2618 265 2662 decedet
288 2621 390 2663 odor
413 2623 550 2665 nervis
574 2623 786 2675 inimicus3
823 2630 866 2666 at
888 2625 959 2667 illa

0 2625 235 2820 {ntegrum
257 2684 437 2739 perdunt
458 2685 544 2728 lino
567 2687 711 2729 vitiata
735 2702 937 2744 saporem.

1304 154 1384 203 165
1413 169 1417 174 ·

1412 542 1457 575 20

1413 859 1458 891 25

1418 1176 1461 1208 30

1420 1494 1463 1526 35

1417 1813 1461 1845 40

1418 2130 1463 2162 45

1419 2447 1463 2479 50
