1500 2820
146 191 228 236 140
585 203 628 246 Q.
645 202 856 239 HORATH
865 203 1048 240 FLAGGI

145 306 258 347 audit
281 306 490 348 continuo:
518 307 634 360 „quis
659 306 780 349 homo
804 313 866 349 est
888 307 979 349 hic?
1002 322 1082 362 quo
1104 314 1218 364 patre
1240 309 1414 352 natus?“
1466 316 1500 350 ’ὲ

79 379 121 411 30
143 374 189 409 111
213 369 247 410 si
270 369 340 422 qui
364 374 546 424 aegrotet
569 383 650 422 quo
674 369 816 411 morbo
840 369 1014 419 Barrus,
1039 369 1180 412 haberi

145 435 185 471 et
208 430 344 485 cupiat
367 430 589 480 formosus,
615 437 679 472 eat
702 445 976 485 quacumque,
1001 431 1147 486 puellis

142 491 295 533 iniiciat
319 506 457 533 curam
480 493 700 546 quaerendi
724 493 902 549 singula,
928 493 1037 547 quali

145 554 198 595 sit
219 553 343 604 facie,
370 569 482 604 sura,
508 554 619 607 quali
641 555 762 610 pede,
790 555 927 604 (lente,
954 554 1118 609 capill03

145 615 203 657 sic
227 616 297 669 qui
319 616 532 670 promittit,
560 617 689 665 cives,
715 616 858 658 urbem
883 616 960 658 sibi
984 631 1117 667 curae,

78 691 119 721 35
142 677 358 732 imperium
381 677 467 719 fore
492 685 532 719 et
554 678 716 719 Italiam
740 684 780 719 et
804 678 972 720 delubra
995 679 1174 728 deorum,

143 753 224 793 quo
248 745 362 794 patre
388 739 440 780 sit
462 745 600 789 natus,
626 755 724 780 num
748 740 887 795 ignota
910 746 1037 781 matre
1061 740 1311 791 inhonestus,

144 815 284 843 omnes
309 801 499 843 mortales
525 816 665 842 curare
689 807 729 842 et
752 816 944 855 quaerere
969 801 1089 857 cogit.
1115 827 1169 832 -—-

143 869 258 914 tune,
287 861 400 918 Syri,
427 863 607 913 Damae,
633 870 702 904 aut
725 863 902 918 Dionysi
925 863 1050 913 filius,
1076 863 1202 905 audes

143 925 316 967 deiicere
341 939 362 966 e
388 940 487 967 saxo
513 926 621 966 cives
648 931 718 966 aut
741 926 898 967 tradere
925 923 1109 966 Cadmo?
1131 950 1184 955 —

76 1001 120 1031 40
143 993 185 1029 at
206 986 363 1028 Novius
388 987 545 1043 collega
568 987 698 1043 gradu
720 993 814 1042 post
837 1001 902 1028 me
927 987 1041 1028 sedet
1063 1001 1164 1037 uno3

142 1063 317 1103 namque
337 1055 399 1091 est
421 1049 488 1090 ille
511 1055 627 1104 pater
644 1049 754 1103 quod
778 1056 863 1090 erat
886 1063 1014 1090 meus.
1039 1073 1094 1079 ——
1117 1048 1195 1091 hoc
1218 1049 1291 1091 tibi
1309 1048 1478 1091 Paullus

143 1118 183 1153 et
206 1111 390 1154 Messala
412 1112 588 1153 videris?
611 1118 652 1152 at
674 1111 758 1161 1110,
785 1111 819 1153 si
843 1111 996 1166 plostra
1019 1111 1193 1153 ducenta

143 1179 462 1227 concurrantque
486 1173 575 1214 foro
599 1174 675 1214 tria
698 1173 858 1223 funera,
884 1188 1034 1228 magna
1058 1173 1228 1223 sonabit,

143 1250 294 1276 cornua
318 1236 428 1289 quod
451 1235 666 1289 vincatque
692 1235 829 1276 tubas:
856 1235 999 1276 saltem
1024 1241 1134 1276 tenet
1157 1235 1234 1277 hoc
1256 1249 1344 1276 nos.
1370 1259 1423 1265 -—-

77 1311 118 1342 45
142 1312 251 1339 1111110
275 1298 327 1339 ad
350 1313 415 1339 me
439 1298 579 1347 redeo,
606 1297 793 1339 libertino
816 1303 930 1352 patre
954 1303 1107 1346 natum,

142 1374 265 1414 quem
289 1360 436 1402 rodunt
461 1375 601 1402 omnes
627 1359 813 1400 libertino
836 1365 951 1414 patre
974 1365 1127 1409 natum,

141 1437 268 1472 nunc,
294 1422 390 1476 quia
414 1422 491 1463 sim
515 1421 605 1470 tibi,
631 1420 871 1471 Maecenas,
898 1421 1120 1471 convictor,
1146 1426 1187 1462 at
1211 1420 1306 1462 olim

143 1484 254 1538 quod
276 1483 375 1524 mihi
398 1489 557 1538 pareret
579 1483 686 1537 legio
710 1482 896 1524 Romana
918 1482 1091 1524 tribuno.

143 1545 338 1588 dissimile
362 1545 440 1586 hoc
463 1545 520 1585 illi
545 1551 624 1590 est:
650 1544 746 1597 quia
769 1559 867 1594 non,
893 1551 938 1584 ut
961 1544 1078 1585 forsit
1100 1543 1297 1586 honorem

77 1620 120 1651 50
141 1608 228 1649 iure
252 1607 351 1648 mihi
374 1607 555 1647 invideat
578 1606 730 1660 quivis,
755 1606 813 1647 ita
836 1612 874 1647 te
898 1620 1060 1660 quoque
1085 1605 1272 1655 amicum,

141 1669 379 1725 praesertim
403 1675 568 1710 cautum
591 1669 736 1724 dignos
762 1669 976 1710 adsumere
999 1683 1126 1723 prava

143 1731 361 1773 ambitione
386 1731 539 1786 procul.
565 1730 727 1772 felicem
751 1731 884 1772 dicere
909 1744 991 1771 non
1014 1730 1092 1771 hoc

142 1809 207 1835 me
230 1794 404 1848 possim,
430 1807 529 1834 casu
553 1793 664 1846 quod
687 1798 727 1834 te
753 1793 916 1834 sortitus
942 1792 1129 1833 amicum.

142 1855 254 1897 nulla
278 1855 426 1896 etenim
449 1854 549 1895 mihi
572 1860 611 1909 te
635 1853 720 1896 fors
745 1854 901 1895 obtulit.
927 1853 1104 1909 optimus
1129 1853 1226 1895 olim

77 1931 118 1961 55
141 1917 358 1973 Virgilius,
383 1922 478 1971 post·
500 1916 609 1957 hunc
633 1915 801 1966 Varius,
828 1916 965 1957 dixere
989 1915 1088 1969 quid
1111 1929 1256 1957 essem.

142 1986 187 2020 ut
210 1979 303 2020 veni
327 1993 481 2028 coram,
508 1978 718 2034 singultim
740 1992 872 2032 pauca
894 1978 1086 2031 loquutus
1111 2002 1165 2007 —

141 2042 277 2083 infans
301 2055 478 2094 namque
502 2041 633 2095 pudor
656 2039 895 2095 prohibebat
918 2039 1034 2094 plura
1056 2038 1210 2094 profari
1231 2063 1285 2068 —

141 2118 224 2144 non
248 2118 325 2159 ego
349 2117 415 2144 me
439 2102 546 2143 claro
571 2108 712 2143 natum
734 2108 867 2157 patre,
893 2117 975 2142 non
999 2116 1076 2156 ego
1101 2101 1252 2142 circum

142 2180 208 2207 me
235 2163 478 2207 Satureiano
501 2165 653 2206 vectari
675 2179 770 2205 rura
794 2163 962 2213 caballo,

77 2241 118 2271 60
143 2227 217 2268 sed
240 2227 350 2280 quod
374 2241 485 2268 eram
508 2242 638 2268 narro.
663 2227 905 2281 respondes,
931 2232 976 2267 ut
999 2232 1093 2267 tuus
1118 2230 1181 2267 est
1203 2239 1306 2275 mos,

140 2303 290 2346 pauca:
315 2289 436 2339 abeo3
461 2295 501 2330 et
523 2303 690 2330 revocas
715 2303 822 2329 nono
845 2294 938 2343 post
961 2302 1101 2329 mense
1125 2286 1323 2340 iubesque

143 2366 233 2394 esse
256 2352 299 2392 in
322 2352 543 2393 amicorum
567 2365 747 2392 numero.
773 2365 967 2406 magnum
991 2350 1069 2391 hoc
1093 2365 1170 2406 ego
1194 2349 1312 2398 duco,

142 2414 251 2468 quod
273 2412 408 2468 placui
433 2413 523 2463 tibi,
549 2413 619 2466 qui
642 2412 750 2467 turpi
774 2412 949 2453 secernis
974 2412 1191 2453 honestum

141 2490 224 2517 non
246 2481 360 2530 patre
384 2475 592 2530 praeclaro
617 2475 690 2516 sed
713 2474 796 2514 vita
820 2480 860 2514 et
882 2479 1045 2528 pectore
1069 2488 1183 2528 puro.

77 2551 117 2582 65
142 2537 255 2591 atqui
279 2537 314 2578 si
336 2537 444 2578 vitiis
468 2535 739 2578 mediocribus
765 2549 812 2576 ac
835 2550 926 2576 mea
949 2535 1090 2590 paucis

141 2599 338 2640 mendosa
362 2604 423 2640 est
446 2604 607 2647 natura,
634 2597 784 2650 alioqui
806 2603 934 2647 recta3
960 2623 1013 2627 —
1038 2597 1149 2638 velut
1173 2596 1209 2638 si

143 2661 308 2717 egregio
331 2661 538 2716 inspersos
563 2659 835 2714 reprehendas
860 2673 1025 2714 corpore
1049 2672 1201 2701 naevos
1225 2682 1279 2691 -ν
