1572 2756
19 0 102 178 ἶ
513 110 550 144 Q.
574 106 735 137 nonA'rn
757 103 896 132 rnAcc1
1365 90 1442 122 v11

10 216 13 223 «
41 190 51 238 f
78 182 608 239 us,rebusGraeciaeetAsiae
618 193 704 218 con—
731 178 933 226 doquidem
962 173 1124 222 pueritia
1147 172 1227 209 eius
1258 174 1296 206 et
1319 169 1448 205 adole-

0 266 2 270 *
32 280 35 283 .
83 238 132 274 tis
139 233 349 314 moggmo
361 229 623 278 inprovinciae
631 228 704 263 for·
730 225 875 261 scentia
888 221 1094 259 concordat
1113 230 1197 255 cum
1211 218 1257 252 iis
1270 214 1446 261 tempori-

0 288 90 323 ,sam
244 306 253 326 ,
281 278 412 325 enique
422 274 704 321 cuncta,discor-
729 272 817 315 bus,
840 269 975 316 quibus
988 278 1031 302 us
1060 277 1108 301 ue
1122 265 1170 300 ad
1182 275 1234 310 pu
1289 273 1348 297 am
1361 259 1448 295 Phi-

13 329 65 366 iis
78 328 113 366 ci
138 326 147 336 ’
191 330 248 362 'us
260 324 382 370 fessa,
400 322 550 359 nomine
568 319 704 367 princi·
729 317 940 362 lippensem
959 325 993 349 a.
1006 313 1045 348 71
1076 339 1084 347 .
1099 312 1145 346 de
1159 310 1236 356 pub
1254 308 1321 343 icis
1334 306 1449 342 rebus

3 365 706 419 ··issubimperiumaccepit.Tumenim
731 366 914 398 certatum
940 362 1015 403 est3
1051 361 1158 393 aetas
1183 354 1302 401 ipsius
1333 355 1450 387 matu-

12 415 302 468 ·oeffl‘uusceptis
315 412 640 461 tranquillioribus
660 421 706 446 ac
729 409 822 453 rior,
844 418 918 453 qua
938 415 1020 441 sese
1040 404 1089 438 ad
1101 402 1319 447 Epodorum
1333 401 1372 433 et
1385 395 1450 432 Sa-

0 471 39 498 ·’
137 469 211 499 bus
246 461 359 498 animi
390 458 561 496 sensibus
593 457 706 492 etiam
730 455 883 490 tirarum
895 449 1130 498 potissimum
1140 445 1380 492 scriptionem
1390 442 1451 478 de-

0 522 13 538 ¹·
31 528 33 530 ·
62 515 123 568 ἦ)
134 507 234 546 cesis
249 516 503 559 genuS,quam
512 503 614 550 quod
622 501 706 538 atti-
732 500 798 544 dit,
814 497 992 534 convenit
1005 507 1088 530 curn
1100 494 1166 529 illo
1180 496 1452 571 tempora-qui)

8 576 41 599 ⁴,
122 557 248 599 antea,
263 553 386 588 colere
399 550 570 595 instituit,
581 559 706 602 quam·
731 546 828 581 inter
846 542 1016 578 homines
1035 539 1219 576 factiosos
1273 547 1292 571 e
1317 544 1453 581 princi-

19 633 31 645 ,
80 609 94 632 ⁷2
114 599 357 648 pristinorum
374 596 580 633 studiorum
597 606 636 629 in
650 604 706 628 sa·
731 595 824 638 patu
835 589 875 624 in
890 589 1040 624 civitate
1050 583 1256 621 obtinendo
1267 579 1454 617 variafor-

0 670 3 681 ἰ
22 651 42 687 -ἴ
58 645 62 652 '
78 646 124 682 'in
151 645 254 682 rimis
265 644 472 691 positorum
489 640 709 686 neutiquam
732 642 824 672 tuna
835 636 935 680 dcpu
992 636 1093 668 atum
1103 635 1171 675 est,
1213 628 1290 663 uod
1303 626 1455 674 quidem

20 703 21 707 ’
58 710 75 723 -=
86 703 107 730 e
137 694 244 728 actus
258 694 317 726 est
327 690 527 724 immemor.
551 684 710 732 Appulit
732 686 880 727 tempus
893 680 932 715 in
962 691 981 714 e
996 690 1018 713 a
1030 688 1159 724 pugna
1172 676 1202 710 P
1232 671 1409 719 ilippensi
1422 682 1456 706 a.

24 740 84 769 Ἧι·
114 741 195 774 tum
217 736 380 772 animum
402 734 451 769 ad
471 732 635 769 carmina
653 731 708 776 ly·
734 741 769 764 u.
788 727 866 763 712.
887 724 1085 761 commissa
1103 732 1224 768 usque
1250 719 1299 755 ad
1318 718 1457 754 exitum

1 784 86 828 ica,
130 793 202 819 uae
214 781 410 818 maximam
422 779 554 814 saltem
594 780 710 812 artem
734 783 885 820 pugnae
903 771 1084 806 Actiacae
1105 780 1138 803 a.
1157 779 1193 802 u.
1208 766 1286 801 723.
1306 764 1366 799 vel
1390 773 1460 809 po·-

9 829 56 867 ιίῑ
73 829 121 866 de
151 831 260 864 entur
276 825 521 872 temporibus.
563 789 710 868 {Euippe
735 820 809 854 tius
822 829 942 865 usque
957 813 1279 860 ad724.pertinet;
1294 809 1458 855 denique

0 878 160 912 metatus
171 877 250 910 tum
262 871 498 909 estrestituta
505 868 710 915 aliquando
735 866 802 901 illa
815 864 914 899 vitae
927 874 1028 909 pars,
1038 860 1163 907 quain
1176 857 1316 905 lyricae
1331 859 1369 891 et
1382 853 1458 900 epi-

0 931 93 958 oace
119 930 166 956 ac
196 917 467 965 tranquillitate
505 914 712 951 diutissime
739 910 890 947 stolaris
902 907 1030 955 poesis
1045 905 1177 941 studiis
1197 905 1368 939 versatus
1389 903 1459 944 est,

7 966 89 1005 *ssim
112 964 346 1009 desiderata3
369 963 567 1008 indulgere
589 958 715 1004 coepit
738 955 944 1002 respondet
956 953 1011 988 illi
1029 950 1208 997 temporis
1222 948 1363 995 spatio,
1385 957 1459 992 quo

0 1011 168 1052 assutiae
203 1021 249 1046 ex
282 1012 420 1056 pacato
455 1018 579 1043 rerum
615 1008 715 1040 statu
739 1002 879 1039 Caesar
904 998 1134 1036 Octavianus
1165 1006 1308 1031 summa
1337 1003 1462 1028 rerum

0 1057 124 1109 ,mimo
137 1059 342 1135 conceptae
353 1053 594 1100 pristinorum
608 1050 716 1085 simul
739 1048 881 1095 potitus
893 1045 1144 1092 principatum
1151 1052 1272 1088 usque
1286 1037 1460 1082 obtinuit,

0 1113 210 1157 emporum
282 1103 463 1136 etestatus
505 1097 716 1140 tristitiam3
742 1094 845 1141 quod
882 1091 1032 1139 quidem
1069 1100 1188 1125 annos
1217 1087 1298 1123 fere
1326 1083 1463 1131 viginti

0 1149 165 1196 memque
181 1147 322 1183 bonam
341 1146 387 1180 de
401 1144 528 1179 futuro
544 1155 560 1177 s
590 1154 648 1178 em
659 1141 719 1176 fo·
741 1140 829 1175 inde
849 1139 897 1174 ab
917 1149 950 1173 a.
968 1148 1004 1171 u.
1024 1147 1054 1171 c.
1069 1134 1146 1170 725.
1165 1134 1227 1169 vel
1246 1132 1323 1167 726.
1342 1141 1463 1176 usque

6 1195 289 1237 maususest,
323 1190 558 1236 uippequum
586 1187 717 1223 ¹.Octa-
744 1186 792 1221 ad
804 1185 946 1220 obitum
957 1180 1179 1228 poetae746.
1190 1176 1463 1224 complectitur.

5 1239 153 1277 vinum
169 1237 293 1274 anima
320 1235 495 1272 vertisset
512 1246 558 1270 ea
579 1237 719 1279 tempe·
743 1231 869 1277 Atque
888 1230 984 1264 haec
1009 1238 1122 1274 quum
1147 1228 1249 1260 certa
1269 1227 1382 1269 atque
1404 1233 1464 1256 ex-

12 1285 128 1323 eantia
139 1286 178 1320 et
187 1281 444 1318 moderatione
463 1280 535 1325 uti,
556 1290 652 1326 quae
672 1278 719 1314 ci·
744 1277 893 1323 plorata
905 1275 1129 1316 habeantur,
1143 1270 1300 1315 iuvabit,
1317 1268 1463 1314 opinor,

6 1329 111 1367 'vitati
122 1331 340 1376 perpetuam
351 1326 662 1372 tranquillitatem
676 1335 721 1360 ac
744 1324 783 1358 in
803 1320 1014 1358 enarranda
1025 1317 1175 1353 Horatii
1193 1316 1288 1361 vita,
1316 1315 1467 1361 qualem

5 1375 223 1414 felicitatem
233 1373 476 1420 promitteret.
500 1372 634 1424 Itaque
647 1370 720 1405 iam
745 1367 968 1404 adumbrare
996 1363 1275 1406 constituimus,
1306 1361 1362 1396 ita
1385 1370 1465 1394 ver-

0 1420 120 1472 missa
142 1419 347 1468 aliquando
371 1417 480 1465 poesi
505 1416 658 1452 satirica
683 1419 722 1451 et
746 1413 838 1459 sari,
863 1416 906 1447 ut
917 1411 989 1446 tria
1002 1410 1068 1446 illa
1088 1409 1167 1445 eius
1188 1407 1328 1454 spatia,
1355 1405 1468 1441 etiam

11 1467 166 1516 spodica
201 1476 284 1502 sese
319 1468 440 1500 totum
475 1463 523 1499 ad
565 1462 721 1508 lyricam
745 1461 784 1495 in
807 1459 923 1495 rebus
947 1455 1111 1503 publicis
1138 1453 1359 1507 conspicua,
1387 1450 1467 1486 dili-

0 1513 141 1560 rpoesin
159 1521 315 1558 eamque
333 1510 504 1546 melicam
525 1508 721 1544 colendam
747 1509 880 1553 genter
905 1503 1184 1545 discernantur,
1218 1512 1249 1534 Sl
1272 1499 1371 1534 forte
1395 1497 1469 1531 hac

5 1558 199 1612 ¹transtulit
216 1556 411 1603 extititque
429 1559 508 1590 tum
525 1554 630 1600 lyrae
649 1553 722 1588 La·
746 1551 891 1587 ratione
903 1549 986 1584 fieri
999 1547 1132 1594 possit,
1141 1550 1184 1581 ut
1196 1543 1470 1590 etiampoetica

5 1608 109 1641 mae
125 1602 282 1648 fidicen,
305 1612 404 1638 novo
425 1604 564 1636 conatu
587 1599 723 1646 lyrico·
748 1598 826 1634 eius
862 1594 987 1631 studia
1024 1593 1161 1629 clarius
1192 1589 1470 1638 perspiciantur

9 1660 90 1687 rum
114 1649 361 1692 Graecorum,
391 1646 635 1693 inprimisque
659 1644 723 1679 Al·
747 1642 962 1688 rectiusque
977 1639 1231 1676 aestimentur.

11 1695 243 1750 atetlanum
251 1693 470 1730 aemulatus.
478 1692 723 1738 Quamquam,
793 1689 928 1734 Itaque
947 1685 1129 1721 Horatius
1148 1687 1187 1720 et
1204 1685 1315 1718 natus
1330 1685 1369 1717 et
1382 1681 1470 1716 edu-

3 1744 55 1795 in}
65 1740 235 1786 diximus,
247 1751 295 1775 ne
307 1739 374 1774 illo
391 1738 542 1785 quidem
554 1742 725 1783 tempore
751 1739 856 1771 catus
870 1738 930 1768 est
943 1743 987 1768 ea
1000 1734 1142 1775 aetate,
1164 1740 1239 1776 qua
1253 1728 1381 1763 stabat
1393 1726 1471 1773 qui-

13 1797 93 1826 em
114 1785 254 1833 poesis,
279 1785 329 1821 ad
353 1795 465 1831 quam
488 1783 611 1830 ipsum
637 1782 725 1818 olim
751 1781 836 1816 dem
849 1778 1149 1814 adhucRomana
1161 1773 1389 1821 respublica,
1405 1771 1472 1807 sed

9 1835 172 1885 ›tumtem
201 1828 725 1866 orumtristitiatumiuvenilis
750 1830 876 1862 tamen
893 1824 948 1859 ita
969 1823 1112 1867 stabat,
1138 1825 1182 1856 ut
1199 1819 1324 1855 multis
1350 1817 1472 1853 modis

5 1896 10 1910 ε
129 1877 152 1885 ““
188 1887 297 1913 ervor
314 1875 521 1920 detulisset,
535 1875 728 1910 immemor
752 1873 812 1908 vel
825 1872 898 1906 iam
910 1870 1277 1915 conquassataesset
1289 1865 1350 1900 vel
1359 1864 1473 1900 etiam

7 1921 140 1962 factus
153 1925 220 1958 est.
240 1920 398 1967 Scripsit
409 1921 507 1956 enim
518 1919 728 1966 posteriore
752 1927 873 1964 usque
889 1918 1150 1950 concuteretur
1170 1916 1209 1948 et
1226 1910 1474 1946 labefactare-

18 1968 90 2005 hae
101 1971 226 2004 aetate
238 1967 350 2019 etiam
362 1966 570 2018 Epistolas,
584 1966 658 1999 hoc
672 1967 730 1998 est
754 1968 825 1998 tur.
851 1961 976 1997 Sensit
983 1960 1080 1996 enim
1087 1957 1320 2004 illaprimum
1330 1956 1475 1991 scelera

18 2023 209 2051 sermones
229 2012 431 2048 conslmihs
453 2013 663 2057 argumenti
677 2014 729 2045 at·
754 2008 951 2054 impiorum
974 2004 1261 2052 parricidarum,
1290 2001 1354 2049 qui
1379 2002 1475 2036 duce

103 2057 255 2111 sperant
267 2056 543 2102 anteaSatirae,
556 2056 730 2102 perfusas
755 2058 794 2090 et
824 2052 1072 2098 antesignano
1104 2049 1283 2094 Catilina,
1324 2046 1475 2083 homine

0 2118 5 2135 1
48 2152 50 2156 .
65 2115 107 2141 as
118 2107 208 2157 rtem
215 2103 343 2149 lepore
351 2107 390 2139 et
401 2102 605 2139 festivitate
618 2102 730 2148 plane
755 2098 1051 2146 flagitiosissimo
1061 2124 1070 2141 ,
1103 2096 1223 2141 ipsam
1235 2094 1310 2130 iam
1322 2093 1412 2128 inde
1426 2092 1475 2127 ab

6 2147 242 2195 admirabili,
255 2149 323 2185 sed
334 2149 486 2184 easdem
498 2147 618 2183 minus
633 2147 731 2182 dica-
754 2146 838 2191 ipso
853 2155 952 2180 anno
965 2142 1084 2178 natali
1095 2141 1244 2176 Horatii
1262 2140 1339 2175 689.
1353 2150 1435 2185 p.u.
1445 2149 1477 2173 c.

2 2203 85 2242 *ces
108 2198 147 2231 et
173 2195 387 2242 petulantes
412 2195 584 2240 adeoque
613 2196 731 2228 matu-
757 2196 923 2227 evertere
950 2188 1076 2225 conati
1103 2191 1198 2221 sunt.
1237 2185 1364 2221 Sensit
1388 2184 1478 2219 item

2 2239 129 2280 *floris
153 2240 289 2277 aetatis
321 2240 507 2286 sapientia
564 2240 670 2274 lenas
695 2242 733 2274 et
756 2237 946 2272 hominum
958 2235 1204 2270 factiosorum
1218 2228 1476 2275 Cn.P0mpeii‚

3 2301 9 2315 ¹
38 2308 65 2335 »χ
78 2290 200 2331 ortas,
234 2289 278 2322 ut
297 2286 413 2339 plane
442 2285 492 2321 ad
522 2251 732 2321 dffieendum
758 2282 798 2318 C.
819 2281 946 2318 Crassi
965 2285 1003 2316 et
1022 2279 1061 2316 C.
1079 2279 1150 2314 lul.
1169 2277 1340 2313 Caesaris
1363 2274 1478 2311 ambi-

3 2348 7 2360 =
29 2329 732 2388 ffparataeyideantunquuminSa-
757 2328 916 2372 tionem,
955 2326 1019 2372 qui
1050 2324 1211 2360 sublatis
1239 2323 1300 2359 vel
1324 2320 1478 2357 remotis

5 2394 9 2405 ·
56 2395 95 2432 ,ἔτ
120 2378 269 2431 τιᾴθηῴ
288 2380 399 2431 atque
422 2381 515 2413 castl
545 2376 634 2412 andi
648 2387 733 2412 con·
758 2374 846 2409 viris
873 2372 1055 2416 cordatis,
1080 2370 1222 2405 liberae
1246 2367 1478 2414 reipublicae

5 2443 11 2450 ·
35 2462 37 2464 .
56 2440 99 2475 '2³'
120 2440 137 2454 ι.
158 2434 326 2469 mprums
339 2424 499 2476 eluceat.
532 2427 645 2469 taque
659 2433 736 2457 ma-
759 2419 988 2462 amantibus,
1024 2416 1099 2462 ipsi
1127 2416 1220 2450 inito
1246 2413 1481 2450 triumviratu

6 2491 10 2498 ›
174 2485 193 2500 u
226 2479 310 2504 esse
328 2469 563 2514 arbitramur,
590 2478 735 2503 omnem
761 2466 886 2502 omnia
903 2474 972 2510 pro
986 2462 1140 2498 arbitrio
1161 2472 1229 2496 suo
1251 2459 1479 2495 constituere

74 2522 90 2534 ’·
111 2530 119 2544 2
135 2526 182 2551 ac
194 2514 400 2550 studiorum
410 2514 643 2568 poeticorum
657 2525 736 2549 cur-
762 2512 986 2546 studuerunt
1000 2535 1010 2554 ,
1035 2518 1155 2560 usque
1175 2507 1263 2542 dum
1279 2505 1376 2541 inter
1389 2503 1480 2539 Cae—

23 2579 26 2590 2
105 2599 108 2602 ,
126 2560 649 2614 quempoetatenuit,omnino
658 2558 738 2606 qui-
764 2568 884 2593 sarem
898 2555 1034 2590 etPom
1065 2565 1161 2589 cium
1174 2551 1316 2596 (a.Chr.
1329 2563 1365 2586 n.
1379 2550 1435 2585 49.
1444 2553 1481 2584 et

20 2641 37 2654 „
69 2613 102 2660 ,fg
120 2606 284 2660 publ-icis
301 2606 550 2651 temporibus,
572 2616 669 2652 quae
687 2605 738 2638 vi·
761 2600 944 2638 48.=705.
959 2604 996 2636 et
1008 2600 1027 2635 7
1053 2599 1084 2634 6.
1103 2611 1140 2644 p.
1152 2610 1188 2633 u.
1202 2597 1247 2645 c.)
1273 2597 1414 2632 bellum
1434 2595 1480 2629 ci-

71 2651 334 2705 &planissime
357 2653 598 2698 respondere,
625 2662 739 2698 quan·
764 2649 837 2684 vile
846 2643 1220 2690 rursustantaerupit
1232 2641 1480 2687 vehementia,
