1500 2820
169 1067 208 1098 10

171 1375 209 1405 15

171 1682 212 1713 20

174 1991 215 2022 25

1028 34 1042 45 *⁴
1060 39 1065 55 s
1081 45 1110 58 ·.,.
1135 35 1192 55 πὶ..

1159 90 1173 94 ⁷1
1255 84 1267 95 *D

231 201 311 244 170
647 208 690 250 Q.
708 205 928 244 HORATII
943 204 1126 242 FLAccl

729 402 963 442 SATIRA
990 402 1068 441 VI.

230 498 326 539 Hoc
348 503 434 539 erat
455 496 498 538 in
521 496 644 538 votis:
668 496 814 537 modus
839 495 926 551 agri
948 509 1031 536 non
1053 494 1111 535 ita
1133 507 1318 549 magnus,

229 559 369 601 hortus
394 558 465 600 ubi
488 565 528 599 et
551 564 657 600 tecto
681 557 838 599 vicinus
862 557 969 612 iugis
995 570 1124 610 aquae
1147 554 1240 597 fons

231 628 270 662 et
293 620 474 676 paullum
499 620 623 661 silvae
648 634 770 674 super
792 619 855 660 his
881 619 996 660 foret.
1021 617 1179 659 auctius
1203 622 1324 670 atque

231 683 271 724 di
294 683 438 724 melius
462 682 607 723 fecere.
632 681 735 723 bene
761 687 833 722 est.
859 680 916 721 nil
939 679 1113 735 amplius
1137 693 1220 728 oro,

230 743 345 785 Maia
368 750 479 793 nate,
504 743 582 784 nisi
606 749 652 784 ut
675 743 839 798 propria
861 742 963 783 haec
987 741 1086 782 mihi
1108 755 1276 781 munera
1300 739 1417 780 faxis.

233 807 267 848 si
291 820 422 860 neque
446 805 641 846 maiorem
665 804 745 846 feci
767 804 922 845 ratione
945 803 1054 844 mala
1076 817 1175 852 rem,

231 882 308 909 nec
332 883 423 909 sum
446 867 628 908 facturus
652 866 750 907 vitio
775 866 946 920 culpave
969 864 1166 906 minorem
1173 879 1185 914 ;

234 930 269 971 si
291 943 461 970 veneror
485 928 632 970 stultus
656 927 757 968 nihil
780 927 943 968 horum:
971 940 1020 978 „o
1045 925 1080 967 si
1103 924 1277 981 angulus
1300 923 1368 966 ille

231 991 440 1046 proximus
466 990 650 1039 accedat,
676 989 746 1042 qui
768 1003 877 1030 nunc
901 989 1110 1029 denormat
1134 985 1328 1043 agellum!

233 1068 256 1094 0
282 1053 317 1094 si
340 1067 483 1093 urnam
507 1051 664 1107 argenti
686 1051 770 1092 fors
795 1065 900 1104 quae
923 1049 1023 1091 mihi
1045 1053 1259 1098 monstret,
1283 1053 1330 1089 ut
1350 1046 1421 1097 illi,

233 1114 422 1156 thesauro
446 1114 611 1155 invento
635 1113 706 1166 qui
729 1111 1001 1153 mercenarius
1026 1125 1170 1166 agrum
1479 1119 1489 1156 z

232 1176 381 1217 illum
370 1190 506 1230 1psum
530 1182 731 1216 mercatus
756 1173 902 1223 aravit,
928 1173 1042 1214 dives
1067 1171 1197 1213 amico
1480 1190 1489 1219 ῃ

233 1237 431 1280 Hercule!
444 1241 464 1259 ⁶·
492 1237 537 1287 si,
563 1237 674 1290 quod
691 1236 818 1285 adest,
843 1242 1005 1291 gratum
1023 1235 1154 1284 iuvat3
1177 1233 1255 1275 hac
1271 1246 1392 1289 prece
1414 1237 1453 1274 te
1474 1243 1500 1278 o:

233 1300 384 1355 pingue
407 1313 532 1354 pecus
558 1298 722 1339 domino
746 1297 873 1338 facias
898 1303 939 1338 et
962 1302 1095 1338 cetera
1117 1301 1277 1351 praeter

233 1361 461 1417 ingenium,
486 1368 611 1414 utque
637 1359 742 1401 soles
767 1365 904 1400 custos
929 1357 1028 1399 mihi
1051 1357 1252 1399 maximus
1277 1355 1400 1398 adsis.
1483 1401 1486 1405 ,

235 1437 332 1478 ergo
355 1422 426 1464 ubi
450 1437 514 1463 me
538 1422 580 1462 111
603 1428 760 1463 montes
786 1427 826 1462 et
848 1421 891 1461 in
915 1434 1049 1462 arcem
1072 1434 1124 1461 ex
1146 1418 1246 1460 urbe
1268 1417 1435 1467 removi,
1479 1442 1483 1462 s

235 1485 333 1539 quid
355 1484 467 1539 prius
491 1483 690 1525 illustrem
714 1483 846 1524 satiris
871 1482 1076 1535 Musaque
1099 1479 1304 1536 pedestri?

234 1560 310 1587 nec
334 1546 441 1587 mala
464 1560 528 1586 me
553 1544 719 1586 ambitio
743 1545 891 1599 perdit,
916 1558 992 1585 nec
1014 1542 1230 1598 plumbeus
1254 1540 1419 1592 Auster,

236 1614 536 1660 autumnusque
560 1606 715 1662 gravis,
741 1605 947 1647 Libitinae
971 1610 1165 1659 quaestus
1190 1603 1371 1646 acerbae.

237 1669 440 1710 Matutine
466 1676 598 1723 pater,
625 1682 698 1708 seu
721 1667 820 1708 Iane
844 1667 1035 1709 libentius
1060 1666 1188 1715 audis,

237 1731 345 1772 unde
369 1731 552 1772 homines
578 1745 747 1784 operum
770 1729 922 1784 primos
946 1729 1134 1782 vitaeque
1156 1727 1317 1770 labores

236 1792 469 1841 instituunt,
496 1791 554 1832 sic
578 1791 641 1832 dis
665 1791 879 1845 placitum,
903 1797 947 1832 tu
972 1789 1160 1831 carminis
1185 1795 1274 1830 esto

237 1853 492 1910 principium.
517 1853 673 1894 Romae
698 1867 936 1907 sponsorem
959 1866 1024 1893 me
1046 1851 1168 1906 rapis.
1193 1850 1267 1900 eia,

238 1930 290 1957 ne
312 1916 422 1970 prior
445 1915 581 1956 officio
605 1914 824 1968 quisquam
845 1914 1107 1969 respondeat,
1133 1926 1246 1967 urge.

241 1978 326 2019 sive
349 1976 503 2030 Aquilo
527 1977 631 2018 radit
655 1982 799 2025 terras,
827 1990 900 2017 seu
922 1975 1066 2016 bruma
1089 1973 1266 2015 nivalem

239 2038 426 2080 interiore
450 2038 558 2079 diem
581 2053 683 2093 gyro
707 2037 846 2087 trahit,
871 2037 930 2078 ire
952 2050 1121 2078 necesse
1145 2040 1219 2077 est.

239 2100 474 2155 postmodo,
500 2100 609 2153 quod
633 2099 689 2139 mi
713 2099 836 2149 obsit,
863 2098 968 2139 clare
993 2103 1228 2150 certumque
1250 2095 1439 2149 loquuto;

240 2162 476 2203 luctandum
499 2161 542 2202 111
565 2160 683 2202 turba
707 2167 747 2202 et
769 2160 956 2201 facienda
978 2158 1124 2200 iniuria
1147 2157 1285 2199 tardis.

244 2224 367 2277 „quid
391 2223 471 2272 vis,
495 2223 655 2272 insane,
681 2229 721 2263 et
744 2236 845 2276 quas
869 2236 934 2262 res
959 2220 1104 2276 agis?“
1129 2218 1340 2274 improbus
1363 2221 1482 2273 urget

177 2298 219 2329 30
242 2285 353 2326 iratis
377 2283 583 2339 precibus:
611 2290 680 2334 „tu
702 2283 842 2338 pulses
867 2296 986 2324 omne
1010 2281 1121 2336 quod
1145 2280 1292 2330 obstat,

179 2606 219 2637 35

242 2346 294 2388 ad
317 2346 599 2387 Maecenatem
623 2346 791 2387 memori
816 2345 851 2386 si
874 2350 1009 2386 mente
1032 2344 1258 2384 recurras.“

241 2407 319 2449 hoc
341 2407 454 2448 iuvat
477 2413 517 2448 et
540 2406 649 2447 melli
673 2413 751 2455 est,
776 2421 858 2448 non
881 2405 1062 2447 mentiar.
1089 2411 1131 2446 at
1155 2403 1276 2445 simul
1301 2408 1408 2444 atras

242 2475 408 2510 ventum
432 2474 494 2509 est
515 2467 744 2521 Esquilias,
772 2467 901 2508 aliena
923 2467 1087 2522 negotia
1110 2471 1273 2507 centum

242 2546 315 2586 per
338 2537 459 2585 caput
483 2536 522 2571 et
546 2530 652 2571 circa
676 2530 823 2571 saliunt
846 2529 964 2570 latus.
992 2534 1110 2579 „ante
1136 2525 1355 2568 secundam

243 2592 418 2633 Roscius
443 2591 584 2633 orabat
607 2591 685 2632 sibi
708 2591 873 2632 adesses
899 2590 951 2630 ad
974 2588 1120 2630 Puteal
1142 2589 1270 2629 cras.“
1296 2611 1350 2616 —

245 2654 322 2707 „de
345 2668 387 2695 re
412 2653 614 2695 communi
639 2653 794 2694 scribae
818 2667 967 2707 magna
990 2657 1110 2704 atque
1134 2663 1239 2691 nova
1261 2654 1300 2690 te
