1500 2820
43 226 49 242 ‚¹
120 222 130 230 =.

43 242 122 283 ‘fist‘

62 287 85 300 ’ν

443 0 478 27 ,γε
498 0 540 23 >>>>

467 200 672 238 EPODON
696 199 863 236 LIBER.

154 316 201 354 ut
221 308 451 366 inquinavit
474 322 568 350 aere
591 312 756 363 tempus
781 320 972 356 aureum3

103 388 216 425 aere,
240 372 391 416 dehinc
413 371 521 414 ferro
545 370 710 413 duravit
734 369 918 420 saecula,
944 382 1120 424 quorum

154 436 235 495 piis
260 435 443 480 secunda
465 439 559 478 vate
582 448 650 476 me
674 433 796 476 datur
818 432 934 490 fuga.

445 619 708 663 GARMEN
738 619 882 659 XVII.

408 722 479 755 IN
530 721 928 754 CANIDIAM.

157 830 250 858 non.
281 812 372 856 Iam
395 812 479 855 iam
503 811 664 855 efficaci
688 812 741 855 do
766 826 915 853 manus
941 811 1149 861 scientiae,

155 877 331 935 supplex
355 882 395 919 et
419 890 492 919 oro
514 890 645 933 regna
667 890 742 932 per
764 874 1054 932 Proserpinae,

154 955 229 998 per
251 946 292 983 et
314 939 479 983 Dianae
502 954 586 981 non
609 939 816 981 movenda
841 938 1025 989 numina,

154 1018 229 1061 per
251 1009 374 1059 atque
397 1001 525 1045 libros
551 1001 781 1044 carminum
805 1001 1031 1044 valentium

154 1065 284 1109 refixa
306 1065 420 1108 caelo
445 1065 648 1107 devocare
673 1065 822 1115 sidera,

157 1128 354 1180 Canidia,
378 1143 503 1186 parce
526 1127 699 1170 vocibus
724 1128 892 1170 tandem
918 1127 1046 1170 sacris

155 1191 364 1247 citumque
387 1197 496 1234 retro
521 1190 636 1233 solve
661 1190 776 1233 solve
802 1190 1020 1232 turbinem.

154 1255 283 1298 movit
306 1261 500 1311 nepotem
526 1253 738 1310 Telephus
763 1253 974 1305 Nereium,

153 1317 198 1361 in
219 1332 344 1374 quem
369 1316 574 1374 superbus
600 1317 810 1359 ordinarat
833 1317 1003 1374 agmina

154 1381 375 1438 Mysorum
399 1387 440 1423 et
463 1380 506 1422 in
529 1395 655 1435 quem
678 1380 761 1422 tela
784 1387 906 1422 acuta
929 1386 1116 1423 torserat.

155 1459 311 1487 unxere
335 1450 488 1487 matres
512 1443 615 1486 Iliae
640 1444 851 1486 addictum
875 1443 975 1485 feris

155 1507 320 1551 alitibus
345 1513 469 1563 atque
493 1506 666 1549 canibus
690 1506 944 1549 homicidam
967 1506 1207 1558 Hectorem,

154 1577 377 1628 postquam
398 1570 551 1613 relictis
575 1569 793 1613 moenibus
817 1584 893 1612 rex
914 1569 1090 1626 procidit

155 1633 255 1676 heu!
279 1633 507 1690 pervicacis
532 1633 586 1676 ad
608 1633 738 1690 pedes
762 1631 957 1675 Achillei.

157 1702 295 1739 setosa
317 1696 432 1739 duris
457 1710 608 1738 exuere
630 1695 811 1752 pellibus

156 1758 352 1802 laboriosi
373 1758 554 1816 remiges
578 1758 723 1801 Ulixei

157 1822 322 1865 volente
347 1821 468 1865 Circe
492 1822 679 1865 membra
686 1838 698 1873 3
723 1827 822 1864 tunc
845 1837 964 1865 mens
988 1828 1030 1865 et
1053 1837 1181 1865 sonus

157 1885 345 1942 relapsus
369 1891 493 1940 atque
515 1891 638 1928 notus
662 1885 706 1927 in
728 1885 869 1928 vultus
894 1885 1039 1928 honor.

159 1949 256 1992 dedi
279 1948 380 1992 satis
406 1963 612 2005 superque
635 1963 865 2005 poenarum
888 1949 977 2000 tibi,

159 2018 297 2055 amata
319 2011 456 2054 nautis
480 2011 657 2053 multum
682 2018 722 2054 et
745 2011 1019 2055 institoribus.

159 2075 268 2132 fugit
290 2075 500 2125 iuventas,
526 2080 567 2116 et
589 2075 848 2117 verecundus
874 2075 987 2118 color

159 2137 323 2193 reliquit
347 2152 419 2180 ora
441 2137 548 2193 pelle
573 2137 723 2180 amicta
746 2137 880 2180 lurida
887 2154 900 2189 3

160 2200 242 2242 tuis
267 2199 441 2256 capillus
466 2199 586 2242 albus
610 2206 675 2243 est
699 2200 917 2252 odoribus3

160 2262 320 2305 nullum
344 2261 396 2305 ab
420 2261 560 2305 labore
583 2278 650 2305 me
673 2263 844 2306 reclinat
868 2263 1011 2307 otium.

161 2332 283 2383 urget
306 2325 417 2367 diem
438 2340 523 2368 nox
547 2333 588 2368 et
611 2327 699 2369 dies
724 2334 908 2379 noctem,
933 2342 1070 2383 neque
1095 2334 1158 2370 est

162 2389 299 2431 levare
323 2394 436 2430 tenta
459 2389 605 2445 spiritu
627 2390 880 2446 praecordia.

162 2466 263 2508 ergo
285 2458 483 2508 negatum
505 2453 647 2496 vincor
669 2460 716 2496 ut
739 2454 906 2496 credam
928 2454 1067 2506 miser,

165 2513 333 2558 Sabella
354 2521 499 2571 pectus
522 2515 734 2573 increpare
758 2517 954 2568 carmina,

164 2583 368 2633 caputque
390 2577 536 2621 Marsa
559 2579 735 2622 dissilire
758 2579 920 2622 naenia.

164 2640 265 2695 quid
287 2640 462 2696 amplius
485 2642 575 2684 vis?
598 2657 622 2686 o
646 2658 778 2694 mare,
803 2658 828 2686 o
852 2642 979 2686 terra!
1005 2643 1130 2686 ardeo

165 2709 365 2757 quantum
386 2718 520 2760 neque
544 2711 631 2748 atro
656 2706 864 2748 delibutus
888 2706 1094 2749 Hercules

1267 188 1348 232 119

1375 379 1416 412 65

1379 1394 1420 1426 10

1378 1710 1421 1742 15

1378 2025 1421 2058 20

1377 2340 1421 2374 25

1377 2655 1420 2687 30
