<?xml version="1.0" encoding="UTF-8"?>
<!DOCTYPE html PUBLIC "-//W3C//DTD XHTML 1.0 Transitional//EN"
    "http://www.w3.org/TR/xhtml1/DTD/xhtml1-transitional.dtd">
<html xmlns="http://www.w3.org/1999/xhtml" xml:lang="en" lang="en">
 <head>
  <title>
</title>
<meta http-equiv="Content-Type" content="text/html;charset=utf-8" />
  <meta name='ocr-system' content='tesseract 3.04.00' />
  <meta name='ocr-capabilities' content='ocr_page ocr_carea ocr_par ocr_line ocrx_word'/>
</head>
<body>
  <div class='ocr_page' id='page_1' title='image "./operaomni00horauoft_0268.png"; bbox 0 0 1500 2820; ppageno 0'>
   <div class='ocr_carea' id='block_1_1' title="bbox 1011 0 1500 152">
    <p class='ocr_par' dir='ltr' id='par_1_1' title="bbox 1011 0 1500 152">
     <span class='ocr_line' id='line_1_1' title="bbox 1011 0 1500 152; baseline 0 2668"><span class='ocrx_word' id='word_1_1' title='bbox 1011 0 1500 152; x_wconf 95' lang='lat' dir='ltr'> </span> 
     </span>
    </p>
   </div>
   <div class='ocr_carea' id='block_1_2' title="bbox 196 192 1100 259">
    <p class='ocr_par' dir='ltr' id='par_1_2' title="bbox 196 192 1100 259">
     <span class='ocr_line' id='line_1_2' title="bbox 196 192 1100 259; baseline -0.004 -5"><span class='ocrx_word' id='word_1_2' title='bbox 196 211 276 254; x_wconf 84' lang='lat'>178</span> <span class='ocrx_word' id='word_1_3' title='bbox 628 192 671 259; x_wconf 76' lang='lat' dir='ltr'>Q.</span> <span class='ocrx_word' id='word_1_4' title='bbox 689 215 903 252; x_wconf 75' lang='grc' dir='ltr'><strong>ΗΟΒΑΤΠ</strong></span> <span class='ocrx_word' id='word_1_5' title='bbox 918 213 1100 251; x_wconf 69' lang='lat' dir='ltr'>FLAcm</span> 
     </span>
    </p>
   </div>
   <div class='ocr_carea' id='block_1_3' title="bbox 129 318 1407 1980">
    <p class='ocr_par' dir='ltr' id='par_1_3' title="bbox 193 318 1192 374">
     <span class='ocr_line' id='line_1_3' title="bbox 193 318 1192 374; baseline -0.007 -8"><span class='ocrx_word' id='word_1_6' title='bbox 193 339 245 366; x_wconf 92' lang='lat' dir='ltr'>ne</span> <span class='ocrx_word' id='word_1_7' title='bbox 267 322 373 364; x_wconf 90' lang='lat' dir='ltr'>male</span> <span class='ocrx_word' id='word_1_8' title='bbox 397 320 603 364; x_wconf 87' lang='lat' dir='ltr'>conditum</span> <span class='ocrx_word' id='word_1_9' title='bbox 626 319 690 361; x_wconf 87' lang='lat' dir='ltr'>ius</span> <span class='ocrx_word' id='word_1_10' title='bbox 714 318 963 374; x_wconf 77' lang='lat' dir='ltr'>apponatur?</span> <span class='ocrx_word' id='word_1_11' title='bbox 985 323 1030 359; x_wconf 86' lang='lat' dir='ltr'>ut</span> <span class='ocrx_word' id='word_1_12' title='bbox 1052 332 1192 360; x_wconf 87' lang='lat' dir='ltr'>omnes</span> 
     </span>
    </p>

    <p class='ocr_par' dir='ltr' id='par_1_4' title="bbox 129 379 1298 678">
     <span class='ocr_line' id='line_1_4' title="bbox 129 379 1183 442; baseline -0.009 -12"><span class='ocrx_word' id='word_1_13' title='bbox 129 400 171 431; x_wconf 82' lang='lat'>70</span> <span class='ocrx_word' id='word_1_14' title='bbox 194 383 414 442; x_wconf 89' lang='lat' dir='ltr'>praecincti</span> <span class='ocrx_word' id='word_1_15' title='bbox 435 388 544 424; x_wconf 90' lang='lat' dir='ltr'>recte</span> <span class='ocrx_word' id='word_1_16' title='bbox 567 381 683 437; x_wconf 91' lang='lat' dir='ltr'>pueri</span> <span class='ocrx_word' id='word_1_17' title='bbox 706 380 908 434; x_wconf 87' lang='lat' dir='ltr'>comtique</span> <span class='ocrx_word' id='word_1_18' title='bbox 931 379 1183 421; x_wconf 71' lang='lat' dir='ltr'>ministrent?</span> 
     </span>
     <span class='ocr_line' id='line_1_5' title="bbox 194 441 1165 500; baseline -0.007 -11"><span class='ocrx_word' id='word_1_19' title='bbox 194 448 297 489; x_wconf 90' lang='lat' dir='ltr'>adde</span> <span class='ocrx_word' id='word_1_20' title='bbox 320 447 395 487; x_wconf 89' lang='lat' dir='ltr'>hos</span> <span class='ocrx_word' id='word_1_21' title='bbox 419 451 627 500; x_wconf 86' lang='lat' dir='ltr'>praeterea</span> <span class='ocrx_word' id='word_1_22' title='bbox 650 457 787 492; x_wconf 88' lang='lat' dir='ltr'>casus,</span> <span class='ocrx_word' id='word_1_23' title='bbox 812 442 954 484; x_wconf 86' lang='lat' dir='ltr'>aulaea</span> <span class='ocrx_word' id='word_1_24' title='bbox 976 446 1096 483; x_wconf 82' lang='lat' dir='ltr'>ruant</span> <span class='ocrx_word' id='word_1_25' title='bbox 1119 441 1165 492; x_wconf 86' lang='lat' dir='ltr'>si,</span> 
     </span>
     <span class='ocr_line' id='line_1_6' title="bbox 193 502 1298 561; baseline -0.005 -11"><span class='ocrx_word' id='word_1_26' title='bbox 193 515 238 550; x_wconf 85' lang='lat' dir='ltr'>ut</span> <span class='ocrx_word' id='word_1_27' title='bbox 261 508 401 557; x_wconf 80' lang='lat' dir='ltr'>mod03</span> <span class='ocrx_word' id='word_1_28' title='bbox 427 506 461 548; x_wconf 94' lang='lat' dir='ltr'>si</span> <span class='ocrx_word' id='word_1_29' title='bbox 483 506 663 561; x_wconf 89' lang='lat' dir='ltr'>patinam</span> <span class='ocrx_word' id='word_1_30' title='bbox 685 504 789 559; x_wconf 88' lang='lat' dir='ltr'>pede</span> <span class='ocrx_word' id='word_1_31' title='bbox 811 504 951 559; x_wconf 87' lang='lat' dir='ltr'>lapsus</span> <span class='ocrx_word' id='word_1_32' title='bbox 975 502 1138 559; x_wconf 86' lang='lat' dir='ltr'>frangat</span> <span class='ocrx_word' id='word_1_33' title='bbox 1159 517 1298 559; x_wconf 86' lang='lat' dir='ltr'>agaso.</span> 
     </span>
     <span class='ocr_line' id='line_1_7' title="bbox 195 566 1102 622; baseline -0.007 -9"><span class='ocrx_word' id='word_1_34' title='bbox 195 571 267 613; x_wconf 90' lang='lat' dir='ltr'>sed</span> <span class='ocrx_word' id='word_1_35' title='bbox 291 567 560 612; x_wconf 83' lang='lat' dir='ltr'>convivatoris</span> <span class='ocrx_word' id='word_1_36' title='bbox 584 567 644 608; x_wconf 89' lang='lat' dir='ltr'>uti</span> <span class='ocrx_word' id='word_1_37' title='bbox 667 567 781 608; x_wconf 91' lang='lat' dir='ltr'>ducis</span> <span class='ocrx_word' id='word_1_38' title='bbox 805 566 1014 622; x_wconf 86' lang='lat' dir='ltr'>ingenium</span> <span class='ocrx_word' id='word_1_39' title='bbox 1036 580 1102 608; x_wconf 87' lang='lat' dir='ltr'>res</span> 
     </span>
     <span class='ocr_line' id='line_1_8' title="bbox 195 627 1160 678; baseline -0.006 -4"><span class='ocrx_word' id='word_1_40' title='bbox 195 633 389 674; x_wconf 89' lang='lat' dir='ltr'>adversae</span> <span class='ocrx_word' id='word_1_41' title='bbox 411 630 565 671; x_wconf 88' lang='lat' dir='ltr'>nudare</span> <span class='ocrx_word' id='word_1_42' title='bbox 591 629 737 678; x_wconf 82' lang='lat' dir='ltr'>solent,</span> <span class='ocrx_word' id='word_1_43' title='bbox 763 629 894 670; x_wconf 86' lang='lat' dir='ltr'>celare</span> <span class='ocrx_word' id='word_1_44' title='bbox 919 627 1160 669; x_wconf 87' lang='lat' dir='ltr'>secundae.“</span> 
     </span>
    </p>

    <p class='ocr_par' dir='ltr' id='par_1_5' title="bbox 130 689 1407 992">
     <span class='ocr_line' id='line_1_9' title="bbox 130 689 1348 744; baseline -0.005 -7"><span class='ocrx_word' id='word_1_45' title='bbox 130 710 170 740; x_wconf 83' lang='lat'>75</span> <span class='ocrx_word' id='word_1_46' title='bbox 193 693 438 737; x_wconf 82' lang='lat' dir='ltr'>Nasidienus</span> <span class='ocrx_word' id='word_1_47' title='bbox 464 692 516 733; x_wconf 90' lang='lat' dir='ltr'>ad</span> <span class='ocrx_word' id='word_1_48' title='bbox 539 691 658 732; x_wconf 86' lang='lat' dir='ltr'>haec:</span> <span class='ocrx_word' id='word_1_49' title='bbox 687 690 785 742; x_wconf 87' lang='lat' dir='ltr'>„tibi</span> <span class='ocrx_word' id='word_1_50' title='bbox 807 691 850 731; x_wconf 91' lang='lat' dir='ltr'>di</span> <span class='ocrx_word' id='word_1_51' title='bbox 872 703 1152 743; x_wconf 89' lang='lat' dir='ltr'>quaecumque</span> <span class='ocrx_word' id='word_1_52' title='bbox 1174 689 1348 744; x_wconf 82' lang='lat' dir='ltr'>preceris</span> 
     </span>
     <span class='ocr_line' id='line_1_10' title="bbox 195 751 1407 805; baseline -0.005 -7"><span class='ocrx_word' id='word_1_53' title='bbox 195 755 408 799; x_wconf 90' lang='lat' dir='ltr'>commoda</span> <span class='ocrx_word' id='word_1_54' title='bbox 431 754 526 795; x_wconf 89' lang='lat' dir='ltr'>dent</span> <span class='ocrx_word' id='word_1_55' title='bbox 534 770 544 803; x_wconf 91' lang='lat'>;</span> <span class='ocrx_word' id='word_1_56' title='bbox 568 753 625 794; x_wconf 90' lang='lat' dir='ltr'>ita</span> <span class='ocrx_word' id='word_1_57' title='bbox 648 752 710 793; x_wconf 87' lang='lat' dir='ltr'>vir</span> <span class='ocrx_word' id='word_1_58' title='bbox 732 751 863 794; x_wconf 91' lang='lat' dir='ltr'>bonus</span> <span class='ocrx_word' id='word_1_59' title='bbox 888 766 931 792; x_wconf 88' lang='lat' dir='ltr'>es</span> <span class='ocrx_word' id='word_1_60' title='bbox 956 751 1207 805; x_wconf 80' lang='lat' dir='ltr'>convivaque</span> <span class='ocrx_word' id='word_1_61' title='bbox 1231 751 1407 802; x_wconf 86' lang='lat' dir='ltr'>comis;“</span> 
     </span>
     <span class='ocr_line' id='line_1_11' title="bbox 195 813 1234 871; baseline -0.006 -11"><span class='ocrx_word' id='word_1_62' title='bbox 195 824 235 860; x_wconf 90' lang='lat' dir='ltr'>et</span> <span class='ocrx_word' id='word_1_63' title='bbox 259 817 390 859; x_wconf 90' lang='lat' dir='ltr'>soleas</span> <span class='ocrx_word' id='word_1_64' title='bbox 413 815 556 871; x_wconf 88' lang='lat' dir='ltr'>poscit.</span> <span class='ocrx_word' id='word_1_65' title='bbox 587 820 674 855; x_wconf 90' lang='lat' dir='ltr'>tum</span> <span class='ocrx_word' id='word_1_66' title='bbox 696 814 739 854; x_wconf 91' lang='lat' dir='ltr'>in</span> <span class='ocrx_word' id='word_1_67' title='bbox 761 813 866 855; x_wconf 88' lang='lat' dir='ltr'>lecto</span> <span class='ocrx_word' id='word_1_68' title='bbox 889 827 1051 867; x_wconf 91' lang='lat' dir='ltr'>quoque</span> <span class='ocrx_word' id='word_1_69' title='bbox 1074 813 1234 855; x_wconf 87' lang='lat' dir='ltr'>videres</span> 
     </span>
     <span class='ocr_line' id='line_1_12' title="bbox 196 875 1141 922; baseline -0.006 -1"><span class='ocrx_word' id='word_1_70' title='bbox 196 879 363 922; x_wconf 87' lang='lat' dir='ltr'>stridere</span> <span class='ocrx_word' id='word_1_71' title='bbox 388 883 542 919; x_wconf 86' lang='lat' dir='ltr'>secreta</span> <span class='ocrx_word' id='word_1_72' title='bbox 565 875 718 917; x_wconf 88' lang='lat' dir='ltr'>divisos</span> <span class='ocrx_word' id='word_1_73' title='bbox 743 890 838 916; x_wconf 90' lang='lat' dir='ltr'>aure</span> <span class='ocrx_word' id='word_1_74' title='bbox 862 889 1062 917; x_wconf 87' lang='lat' dir='ltr'>susurros.</span> <span class='ocrx_word' id='word_1_75' title='bbox 1086 899 1141 905; x_wconf 89' lang='lat'>—-</span> 
     </span>
     <span class='ocr_line' id='line_1_13' title="bbox 195 936 1182 992; baseline -0.005 -9"><span class='ocrx_word' id='word_1_76' title='bbox 195 941 327 983; x_wconf 87' lang='lat' dir='ltr'>nullos</span> <span class='ocrx_word' id='word_1_77' title='bbox 351 939 415 981; x_wconf 91' lang='lat' dir='ltr'>his</span> <span class='ocrx_word' id='word_1_78' title='bbox 438 938 600 979; x_wconf 89' lang='lat' dir='ltr'>mallem</span> <span class='ocrx_word' id='word_1_79' title='bbox 624 937 742 978; x_wconf 90' lang='lat' dir='ltr'>ludos</span> <span class='ocrx_word' id='word_1_80' title='bbox 768 943 993 992; x_wconf 83' lang='lat' dir='ltr'>spectasse3</span> <span class='ocrx_word' id='word_1_81' title='bbox 1018 936 1091 978; x_wconf 87' lang='lat' dir='ltr'>sed</span> <span class='ocrx_word' id='word_1_82' title='bbox 1113 936 1182 978; x_wconf 86' lang='lat' dir='ltr'>illa</span> 
     </span>
    </p>

    <p class='ocr_par' dir='ltr' id='par_1_6' title="bbox 131 997 1358 1297">
     <span class='ocr_line' id='line_1_14' title="bbox 131 997 1358 1057; baseline -0.007 -10"><span class='ocrx_word' id='word_1_83' title='bbox 131 1016 173 1048; x_wconf 89' lang='lat'>80</span> <span class='ocrx_word' id='word_1_84' title='bbox 195 1002 319 1045; x_wconf 85' lang='lat' dir='ltr'>redde</span> <span class='ocrx_word' id='word_1_85' title='bbox 344 1015 438 1057; x_wconf 86' lang='lat' dir='ltr'>age,</span> <span class='ocrx_word' id='word_1_86' title='bbox 464 1014 569 1054; x_wconf 87' lang='lat' dir='ltr'>quae</span> <span class='ocrx_word' id='word_1_87' title='bbox 593 999 784 1054; x_wconf 79' lang='lat' dir='ltr'>deinceps</span> <span class='ocrx_word' id='word_1_88' title='bbox 807 998 943 1039; x_wconf 80' lang='lat' dir='ltr'>risisti.</span> <span class='ocrx_word' id='word_1_89' title='bbox 969 1022 1023 1028; x_wconf 94' lang='lat'><strong>—</strong></span> <span class='ocrx_word' id='word_1_90' title='bbox 1046 997 1236 1040; x_wconf 86' lang='lat' dir='ltr'>Vibidius</span> <span class='ocrx_word' id='word_1_91' title='bbox 1260 998 1358 1039; x_wconf 91' lang='lat' dir='ltr'>dum</span> 
     </span>
     <span class='ocr_line' id='line_1_15' title="bbox 195 1059 1317 1119; baseline -0.004 -14"><span class='ocrx_word' id='word_1_92' title='bbox 195 1064 351 1119; x_wconf 86' lang='lat' dir='ltr'>quaerit</span> <span class='ocrx_word' id='word_1_93' title='bbox 374 1063 424 1104; x_wconf 93' lang='lat' dir='ltr'>de</span> <span class='ocrx_word' id='word_1_94' title='bbox 447 1061 602 1117; x_wconf 90' lang='lat' dir='ltr'>pueris,</span> <span class='ocrx_word' id='word_1_95' title='bbox 626 1075 726 1102; x_wconf 89' lang='lat' dir='ltr'>num</span> <span class='ocrx_word' id='word_1_96' title='bbox 750 1060 802 1102; x_wconf 89' lang='lat' dir='ltr'>sit</span> <span class='ocrx_word' id='word_1_97' title='bbox 823 1074 986 1114; x_wconf 89' lang='lat' dir='ltr'>quoque</span> <span class='ocrx_word' id='word_1_98' title='bbox 1009 1059 1139 1101; x_wconf 88' lang='lat' dir='ltr'>fracta</span> <span class='ocrx_word' id='word_1_99' title='bbox 1159 1059 1317 1115; x_wconf 86' lang='lat' dir='ltr'>lagena,</span> 
     </span>
     <span class='ocr_line' id='line_1_16' title="bbox 196 1121 1276 1180; baseline -0.006 -13"><span class='ocrx_word' id='word_1_100' title='bbox 196 1126 307 1180; x_wconf 91' lang='lat' dir='ltr'>quod</span> <span class='ocrx_word' id='word_1_101' title='bbox 331 1124 409 1166; x_wconf 88' lang='lat' dir='ltr'>sibi</span> <span class='ocrx_word' id='word_1_102' title='bbox 430 1123 615 1179; x_wconf 87' lang='lat' dir='ltr'>poscenti</span> <span class='ocrx_word' id='word_1_103' title='bbox 636 1137 719 1164; x_wconf 89' lang='lat' dir='ltr'>non</span> <span class='ocrx_word' id='word_1_104' title='bbox 743 1122 889 1163; x_wconf 89' lang='lat' dir='ltr'>dantur</span> <span class='ocrx_word' id='word_1_105' title='bbox 911 1121 1074 1176; x_wconf 87' lang='lat' dir='ltr'>pocula,</span> <span class='ocrx_word' id='word_1_106' title='bbox 1099 1121 1276 1175; x_wconf 88' lang='lat' dir='ltr'>dumque</span> 
     </span>
     <span class='ocr_line' id='line_1_17' title="bbox 195 1183 1108 1234; baseline -0.005 -5"><span class='ocrx_word' id='word_1_107' title='bbox 195 1188 349 1230; x_wconf 85' lang='lat' dir='ltr'>ridetur</span> <span class='ocrx_word' id='word_1_108' title='bbox 370 1185 474 1227; x_wconf 88' lang='lat' dir='ltr'>fictis</span> <span class='ocrx_word' id='word_1_109' title='bbox 499 1199 651 1234; x_wconf 87' lang='lat' dir='ltr'>rerum,</span> <span class='ocrx_word' id='word_1_110' title='bbox 675 1183 893 1225; x_wconf 83' lang='lat' dir='ltr'>Balatrone</span> <span class='ocrx_word' id='word_1_111' title='bbox 917 1183 1108 1232; x_wconf 90' lang='lat' dir='ltr'>secundo,</span> 
     </span>
     <span class='ocr_line' id='line_1_18' title="bbox 196 1245 1132 1297; baseline -0.006 -6"><span class='ocrx_word' id='word_1_112' title='bbox 196 1249 433 1297; x_wconf 88' lang='lat' dir='ltr'>Nasidiene,</span> <span class='ocrx_word' id='word_1_113' title='bbox 458 1247 565 1288; x_wconf 90' lang='lat' dir='ltr'>redis</span> <span class='ocrx_word' id='word_1_114' title='bbox 590 1252 769 1287; x_wconf 87' lang='lat' dir='ltr'>mutatae</span> <span class='ocrx_word' id='word_1_115' title='bbox 792 1245 955 1295; x_wconf 85' lang='lat' dir='ltr'>frontis,</span> <span class='ocrx_word' id='word_1_116' title='bbox 980 1251 1026 1286; x_wconf 88' lang='lat' dir='ltr'>ut</span> <span class='ocrx_word' id='word_1_117' title='bbox 1048 1250 1132 1286; x_wconf 86' lang='lat' dir='ltr'>arte</span> 
     </span>
    </p>

    <p class='ocr_par' dir='ltr' id='par_1_7' title="bbox 131 1306 1307 1612">
     <span class='ocr_line' id='line_1_19' title="bbox 131 1306 1088 1361; baseline -0.008 -6"><span class='ocrx_word' id='word_1_118' title='bbox 131 1323 174 1356; x_wconf 88' lang='lat'>85</span> <span class='ocrx_word' id='word_1_119' title='bbox 199 1310 485 1353; x_wconf 86' lang='lat' dir='ltr'>emendaturus</span> <span class='ocrx_word' id='word_1_120' title='bbox 510 1309 732 1350; x_wconf 86' lang='lat' dir='ltr'>fortunam:</span> <span class='ocrx_word' id='word_1_121' title='bbox 757 1307 903 1349; x_wconf 84' lang='lat' dir='ltr'>deinde</span> <span class='ocrx_word' id='word_1_122' title='bbox 927 1306 1088 1361; x_wconf 89' lang='lat' dir='ltr'>sequuti</span> 
     </span>
     <span class='ocr_line' id='line_1_20' title="bbox 196 1367 1170 1426; baseline -0.005 -12"><span class='ocrx_word' id='word_1_123' title='bbox 196 1386 436 1414; x_wconf 88' lang='lat' dir='ltr'>mazonomo</span> <span class='ocrx_word' id='word_1_124' title='bbox 460 1370 575 1426; x_wconf 89' lang='lat' dir='ltr'>pueri</span> <span class='ocrx_word' id='word_1_125' title='bbox 597 1383 747 1425; x_wconf 86' lang='lat' dir='ltr'>magno</span> <span class='ocrx_word' id='word_1_126' title='bbox 771 1369 973 1423; x_wconf 85' lang='lat' dir='ltr'>discerpta</span> <span class='ocrx_word' id='word_1_127' title='bbox 995 1367 1170 1409; x_wconf 86' lang='lat' dir='ltr'>ferentes</span> 
     </span>
     <span class='ocr_line' id='line_1_21' title="bbox 196 1428 1307 1488; baseline -0.005 -12"><span class='ocrx_word' id='word_1_128' title='bbox 196 1433 379 1476; x_wconf 89' lang='lat' dir='ltr'>membra</span> <span class='ocrx_word' id='word_1_129' title='bbox 402 1432 533 1488; x_wconf 85' lang='lat' dir='ltr'>gruis,</span> <span class='ocrx_word' id='word_1_130' title='bbox 560 1431 690 1487; x_wconf 89' lang='lat' dir='ltr'>sparsi</span> <span class='ocrx_word' id='word_1_131' title='bbox 714 1430 797 1472; x_wconf 91' lang='lat' dir='ltr'>sale</span> <span class='ocrx_word' id='word_1_132' title='bbox 821 1429 949 1471; x_wconf 85' lang='lat' dir='ltr'>multo</span> <span class='ocrx_word' id='word_1_133' title='bbox 972 1444 1054 1471; x_wconf 89' lang='lat' dir='ltr'>non</span> <span class='ocrx_word' id='word_1_134' title='bbox 1077 1429 1164 1471; x_wconf 90' lang='lat' dir='ltr'>sine</span> <span class='ocrx_word' id='word_1_135' title='bbox 1186 1428 1307 1479; x_wconf 86' lang='lat' dir='ltr'>farre,</span> 
     </span>
     <span class='ocr_line' id='line_1_22' title="bbox 196 1490 1207 1551; baseline -0.006 -14"><span class='ocrx_word' id='word_1_136' title='bbox 196 1494 417 1551; x_wconf 84' lang='lat' dir='ltr'>pinguibus</span> <span class='ocrx_word' id='word_1_137' title='bbox 442 1499 482 1535; x_wconf 87' lang='lat' dir='ltr'>et</span> <span class='ocrx_word' id='word_1_138' title='bbox 504 1493 591 1534; x_wconf 89' lang='lat' dir='ltr'>ficis</span> <span class='ocrx_word' id='word_1_139' title='bbox 615 1499 779 1548; x_wconf 88' lang='lat' dir='ltr'>pastum</span> <span class='ocrx_word' id='word_1_140' title='bbox 800 1491 913 1533; x_wconf 86' lang='lat' dir='ltr'>iecur</span> <span class='ocrx_word' id='word_1_141' title='bbox 935 1491 1089 1533; x_wconf 87' lang='lat' dir='ltr'>anseris</span> <span class='ocrx_word' id='word_1_142' title='bbox 1113 1490 1207 1540; x_wconf 88' lang='lat' dir='ltr'>albi,</span> 
     </span>
     <span class='ocr_line' id='line_1_23' title="bbox 198 1553 1250 1612; baseline -0.006 -13"><span class='ocrx_word' id='word_1_143' title='bbox 198 1563 239 1599; x_wconf 86' lang='lat' dir='ltr'>et</span> <span class='ocrx_word' id='word_1_144' title='bbox 261 1557 445 1612; x_wconf 87' lang='lat' dir='ltr'>leporum</span> <span class='ocrx_word' id='word_1_145' title='bbox 468 1554 649 1603; x_wconf 90' lang='lat' dir='ltr'>avulsos,</span> <span class='ocrx_word' id='word_1_146' title='bbox 674 1561 719 1595; x_wconf 88' lang='lat' dir='ltr'>ut</span> <span class='ocrx_word' id='word_1_147' title='bbox 741 1553 868 1595; x_wconf 90' lang='lat' dir='ltr'>multo</span> <span class='ocrx_word' id='word_1_148' title='bbox 893 1553 1078 1602; x_wconf 87' lang='lat' dir='ltr'>suavius,</span> <span class='ocrx_word' id='word_1_149' title='bbox 1104 1566 1250 1602; x_wconf 87' lang='lat' dir='ltr'>armos,</span> 
     </span>
    </p>

    <p class='ocr_par' dir='ltr' id='par_1_8' title="bbox 129 1613 1374 1919">
     <span class='ocr_line' id='line_1_24' title="bbox 129 1613 1374 1673; baseline -0.007 -11"><span class='ocrx_word' id='word_1_150' title='bbox 129 1632 171 1664; x_wconf 83' lang='lat'>90</span> <span class='ocrx_word' id='word_1_151' title='bbox 198 1633 321 1673; x_wconf 86' lang='lat' dir='ltr'>quam</span> <span class='ocrx_word' id='word_1_152' title='bbox 345 1617 381 1660; x_wconf 91' lang='lat' dir='ltr'>si</span> <span class='ocrx_word' id='word_1_153' title='bbox 404 1631 498 1658; x_wconf 91' lang='lat' dir='ltr'>cum</span> <span class='ocrx_word' id='word_1_154' title='bbox 520 1615 669 1657; x_wconf 90' lang='lat' dir='ltr'>lumbis</span> <span class='ocrx_word' id='word_1_155' title='bbox 694 1615 785 1669; x_wconf 91' lang='lat' dir='ltr'>quis</span> <span class='ocrx_word' id='word_1_156' title='bbox 810 1614 903 1656; x_wconf 87' lang='lat' dir='ltr'>edit.</span> <span class='ocrx_word' id='word_1_157' title='bbox 934 1619 1021 1655; x_wconf 92' lang='lat' dir='ltr'>tum</span> <span class='ocrx_word' id='word_1_158' title='bbox 1043 1619 1206 1669; x_wconf 89' lang='lat' dir='ltr'>pectore</span> <span class='ocrx_word' id='word_1_159' title='bbox 1229 1613 1374 1654; x_wconf 84' lang='lat' dir='ltr'>adusto</span> 
     </span>
     <span class='ocr_line' id='line_1_25' title="bbox 196 1674 1318 1732; baseline -0.005 -11"><span class='ocrx_word' id='word_1_160' title='bbox 196 1680 373 1722; x_wconf 91' lang='lat' dir='ltr'>vidimus</span> <span class='ocrx_word' id='word_1_161' title='bbox 398 1684 438 1720; x_wconf 89' lang='lat' dir='ltr'>et</span> <span class='ocrx_word' id='word_1_162' title='bbox 460 1677 635 1719; x_wconf 88' lang='lat' dir='ltr'>merulas</span> <span class='ocrx_word' id='word_1_163' title='bbox 659 1676 756 1732; x_wconf 89' lang='lat' dir='ltr'>poni</span> <span class='ocrx_word' id='word_1_164' title='bbox 780 1682 819 1718; x_wconf 88' lang='lat' dir='ltr'>et</span> <span class='ocrx_word' id='word_1_165' title='bbox 843 1676 929 1717; x_wconf 89' lang='lat' dir='ltr'>sine</span> <span class='ocrx_word' id='word_1_166' title='bbox 954 1675 1070 1716; x_wconf 92' lang='lat' dir='ltr'>clune</span> <span class='ocrx_word' id='word_1_167' title='bbox 1092 1674 1318 1730; x_wconf 86' lang='lat' dir='ltr'>palumbes,</span> 
     </span>
     <span class='ocr_line' id='line_1_26' title="bbox 199 1739 1238 1790; baseline -0.006 -7"><span class='ocrx_word' id='word_1_168' title='bbox 199 1755 346 1784; x_wconf 88' lang='lat' dir='ltr'>suaves</span> <span class='ocrx_word' id='word_1_169' title='bbox 369 1754 453 1790; x_wconf 86' lang='lat' dir='ltr'>res,</span> <span class='ocrx_word' id='word_1_170' title='bbox 480 1739 515 1781; x_wconf 91' lang='lat' dir='ltr'>si</span> <span class='ocrx_word' id='word_1_171' title='bbox 537 1753 619 1781; x_wconf 92' lang='lat' dir='ltr'>non</span> <span class='ocrx_word' id='word_1_172' title='bbox 642 1753 809 1780; x_wconf 86' lang='lat' dir='ltr'>caussas</span> <span class='ocrx_word' id='word_1_173' title='bbox 835 1743 1013 1779; x_wconf 86' lang='lat' dir='ltr'>narraret</span> <span class='ocrx_word' id='word_1_174' title='bbox 1036 1751 1175 1778; x_wconf 90' lang='lat' dir='ltr'>earum</span> <span class='ocrx_word' id='word_1_175' title='bbox 1197 1741 1238 1777; x_wconf 89' lang='lat' dir='ltr'>et</span> 
     </span>
     <span class='ocr_line' id='line_1_27' title="bbox 197 1797 1234 1854; baseline -0.007 -9"><span class='ocrx_word' id='word_1_176' title='bbox 197 1809 362 1845; x_wconf 75' lang='lat' dir='ltr'>naturas</span> <span class='ocrx_word' id='word_1_177' title='bbox 387 1802 594 1851; x_wconf 89' lang='lat' dir='ltr'>dominus,</span> <span class='ocrx_word' id='word_1_178' title='bbox 619 1815 740 1854; x_wconf 89' lang='lat' dir='ltr'>quem</span> <span class='ocrx_word' id='word_1_179' title='bbox 763 1814 838 1841; x_wconf 92' lang='lat' dir='ltr'>nos</span> <span class='ocrx_word' id='word_1_180' title='bbox 863 1799 922 1841; x_wconf 88' lang='lat' dir='ltr'>sic</span> <span class='ocrx_word' id='word_1_181' title='bbox 945 1798 1125 1854; x_wconf 83' lang='lat' dir='ltr'>fugimus</span> <span class='ocrx_word' id='word_1_182' title='bbox 1149 1797 1234 1847; x_wconf 89' lang='lat' dir='ltr'>ulti,</span> 
     </span>
     <span class='ocr_line' id='line_1_28' title="bbox 198 1859 1088 1919; baseline -0.008 -12"><span class='ocrx_word' id='word_1_183' title='bbox 198 1871 244 1907; x_wconf 94' lang='lat' dir='ltr'>ut</span> <span class='ocrx_word' id='word_1_184' title='bbox 265 1864 366 1906; x_wconf 86' lang='lat' dir='ltr'>nihil</span> <span class='ocrx_word' id='word_1_185' title='bbox 390 1864 551 1906; x_wconf 89' lang='lat' dir='ltr'>omnino</span> <span class='ocrx_word' id='word_1_186' title='bbox 575 1868 851 1919; x_wconf 86' lang='lat' dir='ltr'>gustaremus,</span> <span class='ocrx_word' id='word_1_187' title='bbox 876 1860 987 1902; x_wconf 88' lang='lat' dir='ltr'>velut</span> <span class='ocrx_word' id='word_1_188' title='bbox 1009 1859 1088 1901; x_wconf 88' lang='lat' dir='ltr'>illis</span> 
     </span>
    </p>

    <p class='ocr_par' dir='ltr' id='par_1_9' title="bbox 135 1919 1169 1980">
     <span class='ocr_line' id='line_1_29' title="bbox 135 1919 1169 1980; baseline -0.009 -9"><span class='ocrx_word' id='word_1_189' title='bbox 135 1941 177 1974; x_wconf 81' lang='lat'>95</span> <span class='ocrx_word' id='word_1_190' title='bbox 203 1926 377 1970; x_wconf 87' lang='lat' dir='ltr'>Canidia</span> <span class='ocrx_word' id='word_1_191' title='bbox 401 1925 600 1975; x_wconf 83' lang='lat' dir='ltr'>afflasset,</span> <span class='ocrx_word' id='word_1_192' title='bbox 625 1924 739 1980; x_wconf 88' lang='lat' dir='ltr'>peior</span> <span class='ocrx_word' id='word_1_193' title='bbox 762 1922 1017 1978; x_wconf 86' lang='lat' dir='ltr'>serpentibus</span> <span class='ocrx_word' id='word_1_194' title='bbox 1040 1919 1169 1962; x_wconf 86' lang='lat' dir='ltr'>Afris.</span> 
     </span>
    </p>
   </div>
  </div>
 </body>
</html>
