1500 2820
211 595 254 625 45

207 926 249 956 50

205 1256 247 1286 55

207 1586 248 1617 60

206 1939 246 1970 65

205 2270 247 2302 70

207 2600 247 2631 75

277 193 332 238 56

1480 145 1494 158 1,

712 203 754 246 Q.
773 202 982 239 HORATII
999 203 1179 240 FLACCI

471 320 543 348 vos
567 305 657 347 lene
682 306 893 348 consilium
917 313 957 347 et
979 306 1102 358 datis,
1127 313 1168 348 et
1190 307 1285 350 dato

470 367 676 424 gaudetis,
702 367 843 410 almae.
870 367 1020 410 scimus
1043 374 1089 410 ut
1110 367 1256 424 impios

526 428 695 470 Titanas
718 429 1016 483 immanemque
1039 436 1213 472 turmam

579 490 747 532 fulmine
772 491 978 533 sustulerit
1001 491 1166 542 caduco,

471 579 540 633 qui
564 585 710 620 terram
733 578 920 629 inertem,
945 579 1015 633 qui
1037 594 1148 621 mare
1171 586 1366 636 temperat

466 646 698 690 ventosum,
724 647 764 681 et
785 640 908 682 urbes
931 655 1138 696 regnaque
1161 642 1291 684 tristia

522 703 718 756 divosque
741 702 1010 756 mortalesque
1034 702 1173 745 turbas

575 764 744 819 imperio
767 764 871 819 regit
894 778 998 805 unus
1023 779 1165 818 aequo.

466 862 660 903 magnum
682 847 752 888 illa
776 853 968 888 terrorem
990 847 1180 889 intulerat
1202 847 1292 890 Iovi

466 910 595 950 fidens
618 909 807 950 iuventus
831 909 994 950 horrida
1015 908 1204 960 brachiis,

520 970 745 1024 fratresque
770 970 979 1012 tendentes
1004 985 1131 1026 opaco

574 1031 720 1073 Pelion
741 1031 984 1086 imposuisse
1010 1030 1208 1088 Olympo:

468 1117 541 1159 sed
564 1117 662 1171 quid
685 1116 906 1172 Typhoeus
932 1123 972 1158 et
993 1117 1152 1159 validus
1175 1117 1341 1168 Mimas,

466 1185 535 1220 aut
558 1179 656 1232 quid
679 1178 827 1219 minaci
849 1178 1105 1233 Porphyrion
1128 1185 1248 1229 statu,

523 1240 621 1295 quid
643 1239 827 1282 Rhoetus
852 1240 1083 1294 evulsisque
1107 1241 1258 1282 truncis

575 1301 808 1343 Enceladus
832 1301 1027 1343 iaculator
1049 1302 1186 1343 audax

466 1391 604 1427 contra
629 1391 838 1426 sonantem
861 1383 1040 1426 Palladis
1065 1385 1210 1441 aegida

466 1453 633 1503 possent
654 1446 843 1488 mentes?
865 1446 959 1487 hinc
983 1447 1125 1488 avidus
1151 1447 1260 1488 stetit

520 1508 748 1558 Vulcanus,
772 1508 866 1548 hinc
889 1514 1073 1549 matrona
1094 1508 1217 1558 Iuno,
1243 1514 1282 1549 et

575 1585 783 1624 nunquam
806 1570 985 1612 humeris
1009 1570 1214 1625 positurus
1239 1584 1389 1620 arcum,

464 1654 534 1709 qui
556 1668 646 1696 rore
668 1668 771 1709 puro
796 1652 1000 1696 Castaliae
1023 1654 1122 1695 lavit

465 1716 596 1757 crines
621 1715 792 1765 solutos,
818 1715 888 1769 qui
909 1715 1066 1770 Lyciae
1090 1721 1199 1757 tenet

522 1778 687 1819 dumeta
709 1777 965 1831 natalemque
990 1777 1147 1827 silvam,

572 1839 719 1881 Delius
745 1845 784 1880 et
806 1839 1003 1881 Patareus
1027 1838 1191 1895 Apollo.

464 1924 527 1966 vis
551 1923 694 1965 consili
717 1938 861 1978 expers
885 1923 991 1965 mole
1013 1923 1094 1964 ruit
1117 1937 1209 1973 sua3

466 1985 550 2027 vim
572 1990 838 2040 temperatam
862 1985 903 2026 di
927 1999 1087 2038 quoque
1109 1983 1334 2039 provehunt

520 2047 564 2089 in
585 2047 737 2097 maius3
761 2047 869 2088 idem
894 2047 1013 2088 odere
1036 2046 1142 2087 vires

574 2123 693 2151 omne
716 2108 831 2150 nefas
856 2108 990 2150 animo
1014 2113 1234 2149 moventes.

465 2194 579 2237 testis
604 2208 786 2235 mearum
809 2194 1060 2234 centimanus
1086 2191 1200 2248 Gyas

466 2255 774 2305 sententiarum,
798 2261 918 2296 notus
943 2261 983 2296 et
1004 2255 1185 2311 integrae

521 2322 694 2359 tentator
719 2314 850 2359 Orion
873 2316 1046 2366 Dianae,

574 2377 757 2433 virg-inea
779 2377 955 2418 domitus
981 2377 1140 2433 sagitta.

464 2461 612 2503 iniecta
634 2461 824 2503 monstris
850 2460 976 2502 Terra
999 2460 1108 2502 dolet
1132 2460 1227 2509 suis,

464 2529 694 2578 maeretque
717 2529 855 2579 partus
879 2523 1047 2564 fulmine
1070 2523 1246 2564 luridum

521 2585 667 2626 missos
692 2585 744 2626 ad
770 2582 942 2634 Orcum3
966 2599 1041 2626 nec
1063 2584 1218 2639 peredit

575 2646 804 2702 impositam
829 2645 934 2686 celer
955 2646 1062 2701 ignis
1086 2645 1282 2694 Aetnam3
