1500 2820
133 1735 174 1766 10

134 2056 175 2086 15

132 2375 175 2406 20

193 171 248 219 82

1310 57 1373 76 ἱἱἱἱἱἱ

623 177 666 220 Q.
684 177 898 214 HORATII
914 174 1097 213 FLAGOI

557 506 610 555 Q.
640 505 914 546 HORATII
942 505 1172 546 FLAGOI

386 630 1332 711 CARMINUM

620 785 794 820 LIBER
824 785 1109 828 QUARTUS.

696 958 1022 997 GARMENI.

602 1053 692 1084 AD
741 1053 1126 1084 VENEREM.

337 1135 591 1184 Intermissa,
617 1133 778 1184 Venus,
804 1134 875 1176 diu
1108 1172 1110 1175 .

390 1213 530 1239 rursus
554 1197 661 1239 bella
683 1196 849 1238 moves?
870 1211 1010 1252 parce,
1034 1211 1194 1252 precor,
1218 1196 1378 1252 precor!

337 1275 417 1303 non
442 1275 532 1303 sum
557 1259 688 1314 qualis
713 1273 822 1300 eram
845 1258 976 1301 bonae

393 1321 469 1364 sub
493 1336 619 1378 regno
645 1320 831 1363 Cinarae.
857 1321 1014 1370 desine,
1041 1320 1220 1362 dulcium

336 1407 464 1442 mater
489 1415 611 1442 saeva
636 1399 898 1455 Cupidinum,

393 1463 499 1504 circa
520 1462 648 1503 lustra
671 1462 813 1502 decem
834 1461 995 1503 flectere
1019 1460 1208 1503 mollibus

337 1525 418 1566 iam
442 1525 588 1565 durum
611 1523 810 1578 imperiis;
835 1522 913 1573 abi,

392 1601 473 1640 quo
497 1585 670 1627 blandae
694 1586 886 1626 iuvenum
910 1590 949 1626 te
973 1592 1164 1627 revocant
1185 1599 1339 1642 preces.

335 1659 616 1714 tempestivius
640 1659 683 1700 in
706 1658 871 1700 domum

394 1721 549 1770 Paulli,
573 1720 788 1775 purpureis
813 1720 898 1762 ales
923 1719 1114 1770 oloribus,

339 1782 610 1825 comissabere
634 1782 821 1832 Maximi,

394 1845 429 1886 si
453 1851 602 1886 torrere
626 1844 738 1885 iecur
760 1844 920 1898 quaeris
945 1844 1147 1886 idoneum.

339 1933 513 1972 namque
537 1923 578 1959 et
600 1917 746 1959 nobilis
772 1924 812 1959 et
835 1918 983 1959 decens

391 1987 431 2021 et
453 1994 526 2035 pro
552 1979 732 2021 sollicitis
756 1994 838 2020 non
862 1979 1007 2020 tacitus
1031 1979 1111 2020 reis

338 2049 379 2084 et
402 2047 564 2083 centum
586 2055 689 2096 puer
711 2041 858 2082 artium

394 2104 474 2145 late
499 2103 617 2159 signa
639 2103 743 2144 feret
766 2103 930 2144 militiae
955 2109 1060 2153 tuae,

338 2183 378 2219 et
401 2177 644 2231 quandoque
667 2176 870 2230 potentior

394 2239 519 2295 largis
544 2237 779 2279 muneribus
803 2237 934 2279 riserit
959 2237 1119 2287 aemuli,

339 2299 526 2342 Albanos
551 2314 677 2356 prope
701 2306 740 2341 te
763 2299 876 2341 lacus

394 2368 517 2417 ponet
539 2376 807 2403 marmoream
832 2361 907 2403 sub
933 2361 1045 2403 trabe
1069 2361 1204 2403 citrea.

339 2435 421 2476 illic
443 2435 617 2490 plurima
640 2434 806 2476 naribus

396 2496 521 2537 duces
546 2495 683 2546 thura,
707 2495 874 2551 lyraque
898 2501 938 2536 et
960 2495 1205 2550 Berecyntia

338 2556 590 2599 delectabere
614 2556 725 2607 tibia,

394 2619 530 2660 mixtis
556 2619 800 2660 carminibus
824 2633 906 2659 non
931 2618 1016 2660 sine
1040 2617 1194 2667 fistula3
