1500 2820
132 351 174 382 25

131 660 173 691 30

131 970 172 1001 35

131 1280 174 1311 40

133 1591 175 1621 45

137 1901 179 1931 50

141 2211 181 2241 55

141 2520 183 2551 60

199 215 278 267 148
627 232 669 274 Q.
688 229 902 267 uonATn
919 226 1100 266 FLAcci

198 351 325 392 quum
347 351 490 378 versus
515 335 662 385 facias,
688 340 727 376 te
750 335 885 390 ipsum
909 340 1139 390 percontor,
1165 349 1216 376 an
1240 338 1280 376 et
1302 347 1426 388 quum

197 400 299 440 dura
322 398 396 440 tibi
418 397 650 454 peragenda
672 396 729 438 rei
754 397 807 438 sit
830 411 976 438 caussa
998 395 1160 437 Petilli?

199 461 351 503 scilicet
373 460 522 502 oblitus
547 459 779 514 patriaeque
802 458 1027 513 patrisque,
1052 457 1203 499 Latine

197 538 324 577 quum
346 521 500 564 Pedius
525 535 691 563 caussas
716 520 886 562 exsudet
909 519 1120 574 Poplicola
1143 524 1263 572 atque

199 585 421 634 Corvinus,
446 583 586 639 patriis
611 582 884 624 intermiscere
908 582 1034 637 petita

196 646 321 688 verba
343 646 443 688 foris
467 645 602 694 malis,
630 643 828 686 Canusini
851 658 962 684 more
986 642 1191 698 bilinguis.

197 709 308 764 atqui
331 723 409 764 ego
432 722 559 762 quum
584 705 764 749 Graecos
789 706 965 747 facerem
988 710 1107 746 natus
1131 718 1242 746 mare
1266 703 1365 746 citra

196 771 437 820 versiculos,
462 769 591 811 vetuit
614 783 679 810 me
703 768 774 809 tali
797 782 897 809 voce
921 766 1131 820 Quirinus,

196 839 289 889 post
312 832 488 873 mediam
511 836 671 873 noctem
694 830 827 879 visus,
852 843 979 883 quum
1004 828 1162 870 somnia
1183 842 1297 870 vera:

200 895 267 946 „in
291 893 435 936 silvam
458 907 541 934 non
563 892 678 948 ligna
699 891 807 932 feras
832 890 1033 940 insanius,
1059 904 1106 932 ac
1131 890 1166 931 si

197 971 368 1013 magnas
394 953 645 997 Graecorum
668 953 786 995 malis
809 952 978 1008 implere
1002 954 1225 994 catervas.“

197 1019 382 1074 turgidus
407 1016 585 1072 Alpinus
610 1015 767 1072 iugulat
791 1015 889 1056 dum
911 1014 1153 1063 Memnona,
1179 1013 1356 1068 dumque

197 1081 366 1136 defingit
387 1079 522 1122 Rheni
546 1078 700 1120 luteum
724 1083 863 1133 caput,
888 1076 990 1118 haec
1013 1091 1090 1132 ego
1111 1076 1221 1126 ludo,

197 1157 301 1197 quae
324 1155 456 1196 neque
479 1141 521 1182 in
545 1141 645 1182 aede
670 1146 814 1182 sonent
838 1138 1032 1180 certantia
1052 1138 1187 1180 iudice
1211 1137 1360 1193 Tarpa,

197 1219 272 1247 nec
295 1204 463 1245 redeant
486 1203 631 1244 iterum
656 1209 776 1256 atque
799 1201 946 1242 iterum
971 1200 1192 1255 spectanda
1213 1199 1392 1241 theatris.

199 1273 343 1322 arguta
366 1265 575 1306 meretrice
599 1271 715 1319 potes
739 1262 942 1316 Davoque
968 1260 1187 1304 Chremeta

200 1329 386 1370 eludente
411 1340 550 1368 senem
575 1325 701 1367 comis
726 1325 878 1380 garrire
902 1323 1060 1365 libellos

199 1405 306 1431 unus
330 1389 534 1437 vivorum,
559 1387 749 1429 Fundani
758 1403 769 1436 ;
793 1385 926 1427 Pollio
950 1399 1094 1441 regum

199 1452 309 1493 facta
333 1451 440 1492 canit
462 1450 565 1505 pede
591 1455 651 1490 ter
673 1462 886 1504 percusso3
911 1447 1015 1489 forte
1040 1460 1138 1502 epos
1163 1460 1256 1487 acer

200 1520 246 1554 ut
268 1527 389 1555 nemo
411 1511 562 1553 Varius
587 1511 716 1560 ducit3
741 1510 862 1551 molle
887 1515 1008 1563 atque
1032 1508 1210 1550 facetum

199 1575 372 1632 Virgilio
398 1580 623 1616 annuerunt
647 1574 871 1629 gaudentes
895 1586 987 1613 rure
1013 1571 1230 1613 Camenae.

199 1639 277 1680 hoc
301 1643 403 1687 erat,
430 1642 595 1691 experto
619 1635 770 1677 frustra
793 1634 975 1676 Varrone
999 1633 1176 1675 Atacino

201 1707 323 1754 atque
346 1698 591 1753 quibusdam
616 1698 723 1748 aliis,
749 1697 893 1738 melius
917 1696 1027 1750 quod
1051 1695 1226 1737 scribere
1249 1708 1425 1750 possem,

202 1763 412 1805 inventore
436 1760 568 1802 minor
576 1777 586 1810 ;
610 1774 743 1814 neque
767 1774 844 1815 ego
868 1759 926 1800 illi
951 1757 1161 1799 detrahere
1186 1757 1317 1799 ausim

203 1825 438 1866 haerentem
462 1822 584 1878 capiti
609 1837 701 1863 cum
725 1821 853 1862 multa
875 1820 995 1861 laude
1020 1834 1221 1861 coronam.
1246 1843 1301 1848 —-

203 1893 245 1928 at
268 1886 353 1927 dixi
377 1885 502 1926 fluere
526 1884 636 1925 hunc
660 1883 921 1932 lutulentum,
947 1896 1069 1937 saepe
1093 1881 1291 1922 ferentem

201 1948 319 2004 plura
342 1947 507 2001 quidem
531 1946 709 1987 tollenda
732 1944 1018 1998 relinquendis.
1044 1957 1139 1999 age,
1163 1956 1329 1996 quaeso,

203 2019 249 2052 tu
272 2010 372 2051 nihil
395 2010 438 2050 in
460 2023 611 2064 magno
635 2008 780 2048 doctus
803 2005 1066 2062 reprehendis
1090 2003 1298 2046 Homero?

202 2072 260 2114 nil
284 2071 411 2114 comis
435 2070 579 2126 tragici
602 2075 732 2111 mutat
754 2069 941 2111 Lucilius
966 2068 1070 2118 Atti,

203 2149 286 2176 non
308 2134 412 2175 ridet
435 2147 577 2174 versus
601 2131 713 2173 Enni
735 2131 933 2186 gravitate
957 2130 1146 2179 minores,

206 2211 333 2251 quum
357 2196 408 2237 de
434 2209 477 2236 se
500 2194 678 2248 loquitur
701 2208 783 2235 non
805 2198 852 2233 ut
874 2192 1026 2234 maiore
1049 2190 1277 2246 reprensis?

204 2259 304 2313 quid
328 2263 438 2299 vetat
461 2264 502 2298 et
523 2261 683 2297 nosmet
706 2254 844 2297 Lucili
869 2254 1018 2309 scripta
1039 2253 1222 2309 legentes

204 2334 416 2375 quaerere,
442 2333 542 2360 num
563 2317 690 2367 illius,
715 2331 815 2358 num
837 2331 973 2358 rerum
997 2315 1098 2356 dura
1121 2313 1278 2369 negarit

204 2381 428 2424 versiculos
451 2392 597 2422 natura
619 2379 751 2434 magis
775 2378 906 2419 factos
932 2384 972 2419 et
996 2383 1136 2419 euntes

205 2443 387 2492 mollius,
413 2457 462 2484 ac
485 2442 520 2483 si
543 2441 634 2495 quis
658 2439 831 2496 pedibus
856 2439 955 2493 quid
979 2438 1167 2480 claudere
1191 2437 1299 2479 senis

205 2506 284 2547 hoc
308 2510 466 2547 tantum
490 2508 701 2545 contentus
726 2507 834 2543 amet
858 2501 1070 2556 scripsisse
1094 2500 1290 2541 ducentos

208 2574 301 2609 ante
325 2566 462 2608 cibum
485 2579 646 2615 versus,
673 2563 841 2605 totidem
864 2561 1081 2604 coenatus?
1103 2559 1270 2602 Etrusci

208 2629 327 2684 quale
350 2627 430 2669 fuit
453 2626 575 2669 Cassi
597 2626 739 2682 rapido
762 2625 984 2667 ferventius
1009 2623 1119 2666 amni

207 2691 436 2747 ingenium,
461 2688 595 2745 capsis
619 2702 742 2743 quem
765 2687 876 2729 fama
899 2692 962 2728 est
984 2700 1075 2728 esse
1098 2684 1292 2739 librisque
