1500 2820
0 2696 26 2724 :³-

0 2725 31 2751 ἦῆ,

0 2740 67 2820 ἐκ.

415 183 688 222 CARMINUM
710 184 811 221 LIB.
828 185 894 222 lv.

197 297 238 333 te
261 290 407 333 decem
430 289 536 332 tauri
560 289 814 345 totidemque
839 304 1003 340 vaccae,

196 367 265 396 me
289 359 406 396 tener
429 352 563 395 solvet
584 351 759 403 vitulus,
785 353 928 395 relicta

195 421 326 458 matre
350 415 422 470 qui
445 415 571 472 largis
595 415 825 458 iuvenescit
849 415 987 458 herbis

280 479 326 522 in
348 493 442 521 mea
465 485 574 529 vota,

197 570 332 613 fronte
356 575 549 613 curvatos
572 570 758 612 imitatus
782 570 901 626 ignes

197 633 363 676 tertium
387 633 538 675 Lunae
561 632 778 675 referentis
804 640 952 684 ortum,

197 711 281 753 qua
304 703 445 740 notam
469 697 606 748 duxit,
631 697 778 739 niveus
804 697 947 748 videri,

282 767 418 803 cetera
440 760 594 803 fulvus.

458 911 723 952 CARMEN
750 912 834 951 111.

392 1009 466 1042 AD
499 1009 913 1042 MELPOMENEN.

140 1091 278 1148 Quem
302 1098 364 1144 tu,
390 1092 675 1149 Melpomene,
703 1094 831 1136 semel

194 1162 435 1199 nascentem
458 1157 622 1212 placido
646 1157 802 1199 lumine
827 1157 994 1208 videris,

136 1218 254 1262 illum
276 1234 362 1262 non
384 1219 503 1262 labor
525 1220 727 1262 Isthmius

194 1281 366 1325 clarabit
388 1283 592 1340 pugilem,
618 1298 702 1326 non
727 1297 858 1338 equus
883 1283 1063 1340 impiger

137 1387 260 1416 curru
283 1374 407 1416 ducet
429 1374 619 1417 Achaico

193 1436 410 1488 victorem,
435 1451 571 1493 noque
594 1453 661 1480 res
686 1438 834 1481 bellica
858 1438 995 1481 Deliis

137 1506 328 1543 ornatum
351 1501 462 1544 foliis
488 1502 650 1553 ducem,

193 1564 306 1619 quod
327 1578 475 1622 regum
499 1565 679 1608 tumidas
705 1565 938 1608 contuderit
960 1564 1107 1616 minas,

138 1655 329 1698 ostendet
354 1655 581 1712 Capitolio:

194 1718 268 1760 sed
291 1733 398 1774 quae
423 1719 556 1762 Tibur
580 1734 711 1775 aquae
736 1719 871 1763 fertile
895 1720 1116 1777 perfluunt,

138 1787 180 1823 et
203 1781 362 1838 spissae
386 1797 603 1825 nemorum
628 1798 772 1826 comae

192 1844 352 1902 fingent
374 1844 526 1889 Aeolio
552 1847 733 1890 carmine
757 1847 952 1891 nobilem.

138 1935 316 1988 Romae,
341 1937 539 1993 principis
563 1937 744 1988 urbium,

193 1999 388 2056 dignatur
412 1999 580 2043 suboles
605 2001 711 2043 inter
736 2001 937 2043 amabiles

139 2068 280 2103 vatum
303 2077 457 2118 ponere
480 2078 548 2105 me
574 2063 736 2114 choros,

193 2130 235 2166 et
257 2123 341 2166 iam
366 2125 488 2167 dente
511 2126 648 2168 minus
673 2127 864 2169 mordeor
887 2128 1042 2171 invido.

138 2229 181 2266 o,
209 2215 426 2258 testudinis
452 2231 602 2259 aureae

193 2277 357 2320 dulcem
381 2293 487 2334 quae
513 2281 747 2337 strepitum,
773 2281 903 2333 Pieri,
930 2288 1150 2339 temperas,

137 2355 162 2384 o
185 2341 311 2384 mutis
335 2356 500 2398 quoque
523 2344 708 2400 piscibus

193 2404 396 2447 donatura
419 2407 556 2462 cycni,
584 2407 619 2450 si
642 2408 787 2460 libeat,
814 2423 975 2460 sonum,

138 2501 270 2538 totum
293 2498 475 2540 muneris
499 2498 579 2541 hoc
603 2499 663 2542 tui
689 2507 763 2551 est,

193 2559 306 2613 quod
328 2566 534 2604 monstror
558 2562 687 2619 digito
711 2564 1060 2619 praetereuntium

143 2619 352 2664 Romanae
381 2622 530 2666 fidicen
552 2624 684 2680 lyrae:

194 2684 305 2739 quod
330 2685 440 2741 spiro
465 2692 506 2729 et
528 2687 691 2743 placeo,
719 2689 752 2731 si
776 2688 938 2745 placeo,
965 2695 1082 2733 tuum
1108 2695 1182 2733 est.

1279 173 1336 218 85

1361 429 1404 460 55

1362 772 1406 805 60

1363 1734 1404 1765 10

1363 2079 1404 2110 15

1361 2423 1404 2454 20
