1500 2820
239 192 293 238 76

171 1183 211 1213 10

167 2265 208 2295 10

167 2600 207 2632 15

670 205 713 250 Q.
731 205 946 244 HORATII
963 205 1145 246 FLACCI

685 385 940 425 CARMEN
968 387 1129 427 XXVI.

640 480 729 512 AD
777 481 862 512 vn
888 481 918 512 N
944 482 973 512 E
999 482 1162 514 REM.

456 559 554 602 Vixi
577 562 721 616 puellis
746 577 876 617 nuper
897 562 1080 614 idoneus,

457 628 497 664 et
520 623 689 664 militavi
712 638 794 665 non
818 624 905 665 sine
928 624 1074 679 gloria3

512 699 620 725 nunc
644 699 755 726 arma
779 685 1096 740 defunctumque
1120 686 1226 730 bello

565 745 751 787 barbiton
775 746 840 788 hic
863 747 995 802 paries
1019 747 1196 800 habebit,

456 834 617 875 laevum
641 835 818 876 marinae
843 836 913 889 qui
935 836 1109 879 Veneris
1133 838 1239 880 latus

456 897 643 938 custodit.
669 897 735 938 hic
759 897 825 938 hic
847 898 984 952 ponite
1007 899 1141 941 lucida

510 957 664 999 funalia
687 965 728 1000 et
754 965 887 1001 vectes
912 966 952 1001 et
975 975 1092 1002 arcus

566 1021 762 1075 oppositis
786 1020 941 1063 foribus
965 1022 1156 1064 minaces.

457 1124 482 1150 o
506 1124 610 1163 quae
633 1109 794 1151 beatam
818 1111 913 1152 diva
936 1118 1048 1153 tenes
1075 1111 1259 1168 Cyprum
1283 1120 1322 1155 et

459 1170 675 1225 Memphin
699 1178 902 1214 carentem
928 1171 1114 1215 Sithonia
1136 1174 1241 1225 nive,

509 1233 668 1288 regina,
695 1233 858 1275 sublimi
880 1234 1041 1290 flagello

568 1303 689 1350 tange
716 1294 874 1337 Chloen
899 1297 1024 1338 semel
1048 1303 1314 1354 arrogantem.

665 1465 921 1505 OARMEN
949 1467 1131 1506 XXVII.

632 1559 716 1590 AD
761 1558 1169 1594 GALATEAM.

453 1640 605 1696 Impios
630 1655 772 1695 parrae
795 1642 1010 1684 recinentis
1035 1657 1154 1684 omen

456 1702 578 1743 ducat
602 1708 641 1743 et
663 1717 891 1758 praegnans
917 1704 1028 1745 canis
1054 1710 1123 1746 aut
1147 1704 1198 1747 ab
1222 1721 1320 1762 agro

455 1778 553 1805 rava
576 1764 792 1806 decurrens
815 1765 912 1819 lupa
935 1765 1152 1808 Lanuvino

538 1825 700 1879 fetaque
727 1826 886 1880 vulpes3

453 1922 614 1970 rumpat
637 1922 676 1956 et
701 1931 866 1971 serpens
891 1917 966 1958 iter
990 1917 1229 1968 institutum,

455 1978 490 2018 si
512 1992 586 2032 per
609 1977 816 2031 obliquum
842 1978 984 2019 similis
1011 1979 1181 2035 sagittae

453 2039 594 2080 terruit
616 2055 805 2081 mannos:
831 2055 908 2095 ego
932 2041 996 2081 cui
1021 2041 1171 2082 timebo

540 2101 734 2156 providus
759 2116 926 2156 auspex,

453 2196 671 2244 antequam
695 2197 848 2232 stantes
871 2198 1028 2247 repetat
1051 2192 1220 2247 paludes

453 2251 643 2293 imbrium
666 2251 804 2293 divina
827 2252 912 2294 avis
937 2253 1230 2304 imminentum,

453 2313 632 2354 oscinem
657 2327 822 2355 corvum
844 2328 964 2368 prece
989 2314 1194 2357 suscitabo

538 2374 633 2416 solis
659 2374 710 2416 ab
735 2381 836 2416 ortu.

454 2464 509 2505 sis
533 2464 627 2505 licet
650 2463 766 2513 felix,
792 2463 1036 2518 ubicumque
1059 2465 1202 2515 mavis,

454 2531 494 2566 et
517 2540 672 2566 memor
695 2525 839 2575 nostri,
868 2523 1057 2576 Galatea,
1083 2527 1210 2576 vivas,

456 2594 575 2640 teque
598 2602 674 2628 nec
696 2587 836 2628 laevus
861 2594 970 2628 vetet
993 2588 1049 2630 ire
1072 2589 1201 2643 picus,

536 2662 610 2693 nec
634 2663 740 2707 vaga
764 2648 914 2692 cornix.
