1592 2808
177 203 265 239 LIV
680 208 731 235 nn
755 209 844 236 vrrA
867 209 916 236 nr
940 199 1099 237 soumis
1559 242 1561 246 Α

177 281 262 316 liter
275 279 463 326 disputata
476 284 577 326 sunt,
605 284 736 326 sponte
750 292 876 317 conse·
899 282 1075 317 Horatius
1096 281 1214 318 Oai-m.
1231 282 1297 319 111.
1315 284 1370 320 19.
1405 284 1592 326 Murena·

179 326 314 372 quitur,
338 329 379 360 ut
397 326 493 360 liber
509 325 639 360 tertius
659 330 791 371 postea
813 330 878 361 aut
899 331 942 362 ut
959 338 1095 362 novum
1113 339 1290 374 augurem
1313 328 1516 365 honorifice
1538 336 1592 374 m

179 382 344 406 seorsum
361 370 541 415 prodierit
557 375 622 405 aut
641 371 727 405 data
745 371 798 406 rei
817 381 875 406 oo·
900 372 1011 416 lutat,
1050 372 1157 407 sicuti
1186 377 1334 418 praeter
1363 374 1457 408 alios
1492 379 1592 419 put&

178 415 326 450 casione
361 415 546 459 prioribus
583 415 776 450 adiunctus
819 415 875 450 sit.
900 417 1119 460 Frankius‚1
1138 418 1247 462 plane
1260 417 1502 464 improbabile
1515 430 1586 457 em

177 460 339 496 Narrant
374 460 469 494 enim
495 458 692 494 Suetonius
722 460 760 495 in
789 460 876 496 Vita
901 461 1130 505 existimans,
1172 462 1366 498 Horatium
1394 463 1589 502 Murenam

176 505 325 539 Horatii
345 506 374 547 §-
390 505 433 539 10
452 515 506 550 sq.
525 508 562 539 et
580 503 810 540 scholiastae
828 505 876 540 ad
901 506 1042 541 scilicet
1053 506 1238 542 Proculeii
1256 511 1294 542 et
1311 507 1508 543 Terentiae
1527 507 1592 546 frux·

178 548 418 593 Carm.IV.l.‚
438 549 631 584 Horatium
643 549 759 584 tribus
772 549 875 584 libris
900 555 1008 595 trem,
1035 551 1097 597 qui
1117 562 1148 586 a.
1163 551 1238 586 732.
1252 555 1380 587 contra
1390 551 1592 598 Augustam·

177 595 331 629 odarum
347 593 418 628 iam
444 594 551 628 editis
575 594 764 646 aliquanto
789 598 877 646 post
901 595 1192 632 coniurationem
1214 596 1375 638 iniisset,
1407 597 1444 632 in
1470 597 1592 637 carmi-

178 643 347 685 quartum
361 639 520 674 scribere
531 649 876 690 occep1sse,qu1ppe
900 652 986 674 num
1015 641 1109 675 libro
1136 640 1385 687 quinquennio
1410 642 1487 677 fere
1512 652 1580 686 pot

177 684 226 719 ad
243 683 283 717 id
302 683 423 728 operis
438 684 484 718 ab
498 683 665 728 Augusto
680 688 876 719 excitatum
901 685 999 719 edito
1035 685 1108 720 ista
1147 685 1289 721 ratione
1330 686 1585 723 celebratum

176 732 215 763 et
226 731 370 763 tantum
387 739 462 762 non
478 733 660 772 coactum,
682 729 744 775 qui
763 729 875 763 victo-
900 729 1025 764 fuisse.
1071 730 1122 764 At
1151 731 1334 766 enimvero
1358 742 1433 766 non
1464 731 1516 766 ibi
1545 730 1592 770 iun

175 773 268 807 riam
278 772 625 818 TiberiiDrusique‚
654 773 876 818 rivignorum
900 774 977 809 telli
1008 775 1123 809 endus
1145 779 1201 810 est
1218 775 1262 810 L.
1274 775 1438 810 Licinius
1458 775 1589 817 Teren-

178 828 339 860 suorum,
360 817 405 852 de
420 817 548 852 Raetis
562 823 598 852 et
640 818 808 852 indelicis
821 829 875 853 re-
900 819 971 853 tius
1015 830 1096 854 arro
1110 820 1275 863 Murena,
1291 831 1398 866 quem
1413 820 1460 855 ob
1475 820 1592 857 conia.

176 866 363 907 portatam
383 863 431 896 ab
446 873 488 897 eo
504 862 675 896 laudibus
697 863 876 898 celebrari
900 864 1078 898 rationem
1099 869 1226 900 contra
1237 864 1442 910 Augustum
1461 865 1585 910 sacten

175 907 304 950 vellet,
341 907 500 953 ideoque
529 907 646 941 tribus
677 907 876 942 carminum
901 919 932 942 a.
947 909 1021 943 732.
1042 909 1192 952 publica
1212 914 1360 944 senatus
1379 911 1582 945 auctoritas

175 951 280 986 libris
299 962 343 986 ex
363 952 475 997 longo
496 951 691 986 intervallo
708 957 876 997 quartum
900 953 1132 988 interfectum
1152 965 1233 989 esse
1254 958 1416 998 constat,
1443 955 1507 989 sed
1522 954 1583 991 Mu

177 996 375 1031 addidisse.
412 996 519 1037 Quod
541 996 570 1030 si
584 1008 667 1032 vere
681 997 875 1031 memoriae
900 1009 990 1032 rena
1004 998 1108 1041 alius,
1123 997 1581 1035 fortasseLiciniiTerenti

177 1041 363 1086 proditum
394 1046 467 1085 est,
503 1042 634 1075 tertius
659 1046 756 1076 certe
783 1041 876 1076 liber
900 1042 1075 1077 Murenae
1100 1043 1226 1087 frater,
1251 1042 1362 1078 Caius
1381 1044 1444 1079 ille
1463 1044 1592 1080 Proca.

176 1097 251 1120 non
283 1097 364 1120 cum
422 1090 526 1120 uarto
557 1086 701 1120 iunctus
726 1086 874 1131 prodiit,
900 1087 994 1121 leius
1013 1087 1131 1122 Varro
1146 1087 1316 1132 Murena,
1336 1099 1355 1123 e
1384 1099 1448 1123 ues
1468 1089 1586 1125 Roma-

177 1098 476 1176 quaudoquigem
517 1131 575 1165 hic
616 1131 802 1166 solitarius
837 1131 874 1165 in
899 1143 980 1176 nus,
993 1131 1152 1177 Augusti
1165 1133 1324 1168 amicitia
1336 1137 1374 1168 et
1393 1133 1582 1169 lberalitat·

177 1175 297 1210 lucem
327 1175 480 1209 emissus
510 1180 577 1210 est.
624 1176 701 1210 Iam
730 1187 816 1210 vero
846 1177 876 1210 si
901 1187 990 1221 erga
1007 1177 1140 1212 fratres
1160 1177 1298 1220 clarus,
1323 1178 1368 1212 de
1407 1189 1456 1212 uo
1470 1178 1582 1213 Hora!

178 1220 376 1272 quaeritur,
405 1221 553 1265 quando
572 1221 721 1254 tandem
745 1221 875 1254 tertius
902 1221 1018 1255 Carm.
1026 1221 1114 1264 11.2‚
1130 1221 1161 1256 5.
1176 1221 1272 1257 conf.
1287 1223 1331 1258 de
1346 1233 1390 1257 eo
1433 1233 1583 1258 urmann

179 1266 272 1299 liber
290 1264 485 1309 prodierit,
520 1276 654 1310 magna
678 1269 810 1310 regnat
833 1276 877 1299 ea
901 1267 949 1300 ad
963 1266 1135 1307 Quinctil.
1148 1267 1212 1302 VI.
1225 1267 1256 1301 3.
1270 1267 1337 1302 IX.
1350 1267 1382 1302 3.
1396 1269 1583 1304 Drumann

179 1311 223 1344 de
238 1320 276 1344 re
291 1309 449 1343 virorum
471 1310 663 1344 doctorum
682 1310 874 1345 dissensio.
902 1311 1036 1346 Gesch.
1054 1312 1167 1346 Roms
1186 1311 1270 1346 Vol.
1288 1311 1316 1346 I.
1341 1323 1377 1356 p.
1395 1312 1472 1347 496.
1521 1312 1582 1347 Ne¹

179 1355 272 1389 Nam
303 1354 364 1399 qui
395 1365 477 1388 eum
502 1355 601 1388 iuxta
626 1366 706 1388 cum
731 1355 875 1389 duobus
900 1367 987 1389 vcro
1012 1356 1054 1390 L.
1079 1356 1261 1390 Licinium
1284 1356 1385 1390 illum
1409 1357 1583 1391 Murenam

179 1399 280 1433 libris
294 1399 477 1443 prioribus
492 1399 627 1433 editum
642 1410 722 1433 esse
736 1400 874 1443 volunt,
900 1401 1049 1444 auguris
1080 1401 1260 1446 dignitate
1290 1401 1403 1436 fuisse
1429 1405 1582 1436 ornatun

178 1444 203 1478 ii
215 1444 333 1488 ipsum
347 1449 409 1478 aut
421 1455 453 1477 a.
468 1444 541 1477 735.
563 1445 621 1478 vel
635 1444 709 1478 736.
729 1444 875 1478 absolu-
901 1443 1047 1479 aliunde
1063 1450 1217 1479 constat.
1264 1445 1322 1480 Ita
1350 1457 1394 1481 ue
1407 1446 1507 1480 istud
1521 1445 1582 1491 qui

179 1493 255 1523 tum
269 1499 350 1523 esse
365 1494 528 1530 censent,
555 1489 591 1522 in
611 1500 684 1534 qua
702 1489 874 1532 opinione
902 1490 981 1524 dem
996 1494 1249 1534 argumentum
1269 1458 1405 1524 nullius
1424 1494 1581 1525 momen-i

178 1534 344 1585 plerique
399 1533 486 1567 olim
538 1533 652 1567 fuisse
705 1533 876 1567 videntur
901 1538 968 1577 est,
979 1535 1160 1579 planeque
1174 1546 1247 1569 non
1262 1534 1383 1578 efficit,
1399 1535 1499 1580 quod
1511 1535 1582 1570 ind·

179 1578 295 1613 critici
315 1582 353 1612 et
370 1589 486 1622 nuper
505 1589 651 1623 quoque
666 1589 876 1622 persevera-
902 1578 993 1613 effici
1018 1581 1228 1623 voluerunt,
1253 1583 1294 1613 ut
1317 1580 1446 1615 tertius
1472 1580 1581 1614 carmi

178 1627 262 1658 runt
292 1623 541 1657 Kirchnerusl
574 1627 610 1657 et
634 1623 876 1657 Walckenae—
901 1636 987 1658 num
1000 1624 1094 1658 liber
1107 1628 1190 1659 ante
1206 1636 1238 1659 a.
1247 1624 1322 1658 732.
1337 1625 1456 1660 editus
1469 1629 1583 1670 putan

179 1668 271 1711 rius,
298 1672 362 1702 aut
379 1668 479 1702 illum
498 1668 569 1702 iam
588 1679 620 1702 a.
635 1668 709 1702 731.
730 1668 787 1702 vel
801 1668 875 1702 732.
902 1669 969 1702 dus
1006 1669 1062 1702 sit.
1109 1669 1188 1704 Nec
1226 1680 1312 1703 vero
1348 1669 1439 1704 illud
1474 1681 1582 1714 magn

179 1724 253 1747 una
278 1724 359 1746 cum
385 1713 517 1747 ceteris
542 1712 771 1757 publicatum
796 1724 876 1747 esse
901 1713 1073 1748 momenti
1104 1717 1160 1748 est
1189 1714 1236 1748 ad
1268 1725 1348 1748 eam
1380 1714 1582 1749 sententian

180 1758 415 1800 arbitrantur,
427 1769 534 1802 quam
542 1758 783 1801 posteriorem
798 1769 876 1791 sen—

179 1804 332 1837 tentiam
368 1814 484 1847 nuper
520 1802 765 1836 defenderunt
796 1802 876 1836 Car.

179 1848 481 1890 Lachmannus,2
500 1847 724 1890 Fi·ankius,3
743 1847 877 1882 VVebe—

179 1897 264 1927 rus4
282 1898 320 1927 et
339 1893 399 1938 qui
421 1893 487 1927 hos
508 1891 652 1937 sequuti
673 1892 876 1927 suntinter-

179 1942 316 1983 pretes.
364 1937 434 1979 Qui
453 1941 574 1971 autem
594 1937 694 1970 illum
715 1948 877 1971 seorsum

180 1982 360 2027 prodiisse
381 1986 549 2025 censent,
571 1982 607 2015 hi
628 1993 708 2015 eum
722 1985 786 2016 aut
798 1982 879 2016 uni-

179 2038 283 2062 verse
293 2028 419 2062 dicunt
427 2027 474 2061 ali
504 2031 570 2060 uot
577 2026 681 2061 annis
692 2031 778 2070 post
785 2028 877 2061 duos

180 2073 320 2117 priores
336 2072 448 2106 libros
464 2083 482 2106 e
513 2073 611 2115 itum,
626 2076 790 2116 tempore
804 2083 877 2105 non

180 2117 388 2151 accuratius
408 2117 576 2159 definito,
602 2120 665 2150 aut
682 2115 784 2151 iuxta
798 2128 877 2150 cum

180 2162 241 2205 iis,
274 2173 367 2206 quos
392 2163 500 2196 modo
526 2160 697 2204 diximus,
735 2161 877 2195 diverse

181 2211 364 2249 statuunt,
392 2207 476 2240 dum
495 2217 577 2240 eum
595 2206 653 2240 vel
677 2205 724 2239 ad
749 2217 781 2240 a.
803 2206 876 2239 732.

180 2252 238 2286 vel
252 2252 300 2286 ad
314 2263 345 2286 a.
361 2252 434 2285 736.
455 2251 628 2286 referunt.
675 2249 733 2284 De
754 2262 827 2296 qua
839 2262 876 2285 re

181 2296 211 2331 si
235 2300 397 2330 nostram
424 2295 622 2330 sciscitaris
648 2296 876 2339 sententiam,

181 2341 350 2375 videntur
374 2341 480 2374 nobis
506 2340 576 2383 illi,
614 2339 675 2385 qui
701 2340 779 2374 eius
805 2340 877 2374 edi-

181 2386 317 2420 tionem
359 2385 407 2419 ad
447 2397 480 2420 a.
517 2385 591 2419 736.
632 2384 876 2429 procrastina-

181 2435 283 2473 runt,
321 2441 409 2464 sane
440 2431 611 2464 statuisse
637 2429 876 2474 probabilius.

183 2476 273 2510 Nam
293 2476 445 2525 primum
465 2475 610 2519 quidem
631 2474 715 2508 huic
735 2478 877 2509 senten-

182 2521 255 2554 tiae
293 2521 382 2553 1llud
420 2521 563 2554 minime
603 2519 730 2564 officit,
777 2519 876 2564 quod

214 2580 228 2603 1
249 2577 363 2609 Quaest.
378 2578 444 2602 Hor.
459 2577 479 2602 1.
494 2584 520 2609 p.
535 2578 550 2602 8
562 2584 621 2608 sqq.

214 2614 229 2637 2
249 2612 323 2636 cons.
338 2612 472 2636 Halliseh.
487 2611 704 2636 Litteruturzelt.
718 2618 744 2637 a.
753 2612 828 2637 1836.
841 2611 876 2637 N.

183 2647 231 2704 ug
244 2652 322 2704 Stgiilst.
337 2679 432 2704 norat.
447 2687 474 2710 p.
483 2681 512 2704 51
527 2686 586 2711 sqq·
601 2682 629 2704 et
642 2686 667 2710 p.
682 2680 730 2704 186
743 2686 803 2710 sqq.

215 2715 231 2738 4
248 2713 339 2738 Horaz
353 2713 393 2738 als
405 2713 519 2738 Mensch
533 2720 560 2739 u.
573 2714 691 2739 Dichter
702 2721 730 2745 p.
739 2714 786 2739 270
799 2719 858 2744 sqq.

903 1757 1206 1802 confirmandam,
1232 1759 1331 1804 quod
1349 1759 1526 1794 Horatius
1551 1759 1582 1793 dn

901 1803 1067 1837 Marcelli
1086 1803 1207 1847 obitu,
1233 1803 1295 1848 qui
1313 1814 1345 1838 a.
1364 1803 1438 1838 731.
1463 1815 1582 1848 magn·

901 1847 1060 1892 Augusti
1090 1854 1127 1882 et
1155 1848 1317 1883 universi
1346 1848 1474 1893 populi
1498 1849 1582 1884 luctu

903 1893 1040 1935 evenit,
1072 1894 1182 1936 plane
1206 1893 1322 1927 tacuit
1343 1904 1463 1938 neque
1489 1894 1582 1928 etian

902 1942 1051 1972 mortem
1064 1937 1210 1982 Virgilii
1229 1949 1260 1972 a.
1281 1937 1355 1972 735.
1375 1941 1440 1972 aut
1458 1937 1581 1972 Tibul]

903 1994 934 2017 a.
960 1983 1034 2017 736.
1064 1982 1140 2016 fato
1168 1982 1424 2016 defunctorum
1448 1982 1582 2026 lugubr

904 2027 1061 2062 carmine
1071 2027 1287 2071 deploravit.
1301 2027 1391 2062 Inde
1400 2027 1495 2061 enim
1505 2026 1582 2061 effic

902 2073 1114 2115 voluerunt,
1151 2076 1192 2105 ut
1214 2072 1388 2106 Horatius
1413 2072 1577 2116 putandu

903 2121 1001 2151 esset
1019 2116 1127 2150 trium
1146 2116 1319 2151 librorum
1337 2116 1497 2161 priorum
1523 2126 1582 2150 car

902 2162 1000 2196 mina
1016 2161 1087 2195 iam
1107 2165 1191 2196 ante
1205 2172 1237 2196 a.
1258 2161 1332 2196 731.
1351 2165 1389 2196 et
1407 2160 1583 2205 scripsiss-

903 2210 939 2241 et
951 2205 1210 2250 publicavisse‚
1231 2206 1362 2240 deinde
1383 2210 1503 2240 autem
1522 2205 1582 2239 diu

902 2251 973 2284 tius
987 2250 1091 2295 poesi
1106 2250 1220 2295 lyrica
1232 2250 1467 2294 abstinuisse,
1480 2261 1582 2295 usqu·

903 2296 988 2329 dum
1009 2306 1041 2329 a.
1055 2295 1129 2328 737.
1150 2294 1227 2329 fere
1247 2295 1295 2330 ad
1313 2306 1393 2330 eam
1407 2295 1527 2330 denuo
1541 2304 1579 2328 re

903 2340 1066 2382 verterit,
1096 2339 1134 2373 id
1159 2340 1257 2384 quod
1282 2343 1368 2391 post
1389 2338 1583 2374 Bentleiun

903 2389 939 2419 et
974 2384 1250 2419 Lachmannum
1284 2383 1447 2429 inprimis
1482 2383 1582 2418 Fran

902 2429 1005 2463 kius2
1026 2429 1158 2463 docere
1173 2433 1326 2463 conatus
1340 2432 1407 2472 est,
1423 2428 1482 2462 cui
1494 2439 1582 2472 prae

902 2479 958 2509 ter
970 2474 1063 2508 alios
1078 2474 1187 2508 etiam
1205 2474 1384 2508 Weberus
1397 2472 1582 2516 adstipula

902 2524 971 2553 tur.
1012 2518 1188 2553 Nimirum
1208 2518 1378 2562 speciosa
1397 2527 1484 2551 sane
1504 2517 1582 2551 hae·

903 2564 1169 2609 argumentatio
1185 2567 1252 2607 est,
1279 2573 1371 2608 quae
1385 2565 1506 2596 tamen
1520 2571 1581 2595 noi

902 2620 980 2644 eam
1000 2608 1069 2642 vim
1089 2608 1217 2650 habet,
1243 2611 1284 2642 ut
1300 2606 1384 2642 libri
1400 2605 1498 2641 tertii
1519 2615 1581 2641 car

934 2679 947 2703 1
967 2678 1040 2702 Fast.
1055 2677 1152 2702 Horat.
1166 2684 1193 2708 p.
1208 2678 1249 2701 62.

933 2713 948 2737 2
966 2711 1040 2736 Fast.
1054 2711 1120 2735 Hor.
1135 2717 1162 2742 p.
1177 2711 1208 2735 62
1222 2716 1282 2742 sqq.
