1500 2820
1051 0 1086 30 ἰν·
1102 0 1110 20 ῑ
1128 0 1218 35 stret.
1235 21 1238 24 >

222 150 303 193 198
617 190 620 193 .
655 161 700 204 Q.
716 161 929 200 HOBATII
944 163 1126 200 FLACCI

651 335 971 375 EPISTOLA
999 337 1119 377 XVI.

607 430 692 461 AD
735 429 1163 469 QUINCTIUM.

217 510 278 552 Ne
302 511 549 566 perconteris
574 511 725 554 fundus
749 527 882 563 meus,
909 514 1060 568 optime
1085 513 1266 567 Quincti,

218 587 315 614 arvo
338 580 479 627 pascat
501 573 661 623 herum,
687 589 740 615 an
762 574 874 616 bacis
898 575 1105 630 opulentet
1129 576 1260 618 olivae

215 635 418 688 pomisve,
443 650 495 676 an
517 636 662 690 pratis,
687 651 739 676 an
763 636 910 678 amicta
933 637 1083 678 vitibus
1108 637 1237 688 ulmo;

218 694 415 737 scribetur
437 695 511 738 tibi
532 696 663 738 forma
685 697 908 750 loquaciter
931 704 970 739 et
994 698 1096 740 situs
1119 699 1219 754 agri.

173 770 193 800 5
218 757 397 798 continui
420 765 596 808 montes,
622 759 664 799 ni
688 759 959 801 dissocientur
982 775 1111 815 opaca

215 819 338 869 valle,
365 819 437 861 sed
459 827 506 861 ut
527 820 694 862 veniens
719 821 906 862 dextrum
930 821 1036 863 latus
1061 822 1260 877 adspiciat
1283 823 1356 874 sol,

214 881 377 922 laevum
402 881 615 923 discedens
640 896 760 924 curru
783 883 965 938 fugiente
989 891 1168 939 vaporet.

216 943 453 997 temperiem
476 943 631 985 laudes.
662 944 779 997 quid,
806 945 841 986 si
863 945 1088 987 rubicunda
1111 945 1277 1001 benigni

216 1018 338 1046 corna
362 1019 505 1059 vepres
531 1011 570 1046 et
594 1019 724 1060 pruna
747 1006 904 1047 ferant?
927 1006 962 1048 si
985 1021 1158 1060 quercus
1182 1014 1222 1048 et
1244 1007 1326 1049 ilex

151 1079 192 1109 10
215 1066 343 1108 multa
366 1066 484 1122 fruge
507 1081 651 1122 pecus,
676 1068 804 1109 multa
828 1068 1038 1110 dominum
1059 1069 1172 1111 iuvet
1194 1069 1362 1111 umbra?

215 1127 327 1169 dicas
353 1129 573 1170 adductum
596 1130 763 1184 propius
788 1129 976 1171 frondere
1001 1130 1236 1172 Tarentum.

214 1189 307 1231 fons
333 1191 454 1231 etiam
476 1192 564 1232 rivo
589 1192 685 1233 dare
708 1206 857 1232 nomen
879 1192 1069 1242 idoneus,
1093 1201 1138 1233 ut
1161 1207 1237 1234 nec

214 1251 399 1307 frigidior
423 1252 625 1294 Thracam
648 1268 724 1294 nec
747 1254 884 1308 purior
907 1253 1059 1295 ambiat
1081 1253 1262 1304 Hebrus,

213 1313 373 1355 infirmo
397 1315 518 1369 capiti
542 1315 630 1355 fluit
653 1315 782 1364 utilis,
807 1315 916 1357 utilis
941 1315 1045 1357 alvo.

150 1387 190 1418 15
214 1374 290 1416 hae
314 1375 492 1417 latebrae
516 1376 675 1426 dulces,
702 1377 841 1427 etiam,
868 1378 903 1418 si
925 1377 1074 1427 credis,
1100 1392 1306 1428 amoenae,

213 1437 458 1478 incolumem
482 1438 555 1480 tibi
580 1453 643 1479 me
667 1445 874 1493 praestant
901 1437 1210 1494 Septembribus
1233 1440 1355 1482 horis.

214 1505 259 1539 tu
281 1508 389 1540 recte
413 1500 536 1549 vivis,
563 1500 597 1541 si
621 1514 738 1541 curas
764 1515 854 1541 esse
877 1501 987 1554 quod
1009 1501 1139 1542 audis.

213 1559 410 1602 iactamus
430 1561 516 1613 iam
539 1561 695 1615 pridem
719 1561 850 1602 omnis
874 1567 912 1602 te
936 1561 1069 1603 Roma
1091 1561 1274 1612 beatum3

214 1622 287 1663 sed
310 1637 469 1672 vereor,
495 1637 546 1664 ne
571 1624 636 1664 cui
659 1623 710 1664 de
734 1629 772 1664 te
796 1623 888 1678 plus
913 1637 1036 1677 quam
1059 1624 1134 1665 tibi
1157 1624 1312 1674 credas,

149 1696 192 1727 20
214 1698 318 1725 neve
341 1691 461 1738 putes
485 1684 609 1725 alium
635 1685 816 1739 sapiente
840 1685 1027 1739 bonoque
1051 1685 1228 1735 beatum,

214 1759 312 1795 neu,
339 1745 374 1787 si
397 1752 436 1786 te
459 1746 635 1800 populus
661 1762 806 1787 sanum
828 1753 1016 1800 recteque
1040 1747 1242 1788 valentem

214 1807 386 1857 dictitet,
412 1808 612 1849 occultam
635 1808 792 1850 febrem
817 1808 893 1850 sub
918 1815 1077 1863 tempus
1102 1809 1247 1850 edendi

215 1869 465 1918 dissimules,
491 1870 621 1911 donec
645 1869 832 1911 manibus
856 1876 1005 1912 tremor
1027 1870 1178 1911 incidat
1200 1870 1345 1912 unctis.

217 1930 430 1972 stultorum
453 1931 637 1973 incurata
660 1932 792 1986 pudor
814 1932 945 1973 malus
970 1931 1106 1974 ulcera
1129 1932 1244 1974 celat.

149 2005 191 2036 25
216 1993 251 2034 si
274 1993 365 2046 quis
390 1992 496 2047 bella
520 1993 592 2034 tibi
617 2000 722 2034 terra
744 2001 926 2049 pugnata
949 1994 1129 2048 marique

216 2054 340 2104 dicat,
367 2060 406 2096 et
429 2054 493 2096 his
518 2055 651 2096 verbis
676 2070 826 2097 vacuas
851 2055 1100 2110 permulceat
1123 2070 1261 2098 aures:

217 2122 335 2167 „tene
359 2116 490 2172 magis
516 2117 673 2158 salvum
698 2117 872 2172 populus
897 2117 994 2158 velit
1017 2132 1068 2158 an
1091 2117 1288 2172 populum
1311 2123 1366 2166 tu,

216 2185 349 2220 servet
371 2179 414 2219 in
437 2178 647 2234 ambiguo,
673 2179 743 2232 qui
766 2179 940 2220 consulit
964 2186 1003 2220 et
1027 2179 1099 2220 tibi
1123 2187 1162 2220 et
1185 2178 1288 2228 urbi,

215 2240 443 2296 Iuppiter,“
468 2241 650 2295 Augusti
674 2240 815 2282 laudes
840 2255 1062 2296 agnoscere
1085 2241 1238 2296 possis:

150 2315 193 2347 30
217 2316 342 2355 quum
365 2302 514 2357 pateris
540 2303 700 2356 sapiens
726 2303 1046 2355 emendatusque
1069 2302 1217 2351 vocari,

213 2364 488 2419 respondesne
512 2371 600 2413 tuo,
627 2364 692 2405 dic
716 2365 854 2414 sodes,
879 2363 1066 2406 nomine?
1089 2389 1142 2395 -—
1167 2378 1339 2419 „nempe

214 2426 276 2466 vir
299 2425 430 2467 bonus
456 2433 494 2466 et
517 2426 694 2480 prudens
719 2426 799 2467 dici
822 2426 999 2467 delector
1022 2439 1098 2481 ego
1122 2439 1170 2467 ac
1194 2428 1275 2467 tu.“
1300 2449 1355 2456 -—·

215 2489 286 2540 qui
309 2487 418 2528 dedit
442 2487 519 2528 hoc
543 2487 680 2537 hodie,
707 2501 813 2536 cras,
840 2487 874 2528 si
897 2487 1022 2536 volet,
1048 2487 1220 2536 auferet,
1245 2492 1290 2528 ut
1314 2486 1349 2528 si

216 2548 402 2589 detulerit
425 2549 557 2590 fasces
582 2549 766 2604 indigno,
792 2549 975 2590 detrahet
996 2549 1116 2590 idem.

151 2621 192 2652 35
215 2625 340 2665 pone,
365 2624 500 2651 meum
525 2616 586 2651 est
594 2626 606 2660 3
629 2610 777 2664 inquit:
801 2625 908 2665 pono
932 2610 1138 2664 tristisque
1161 2609 1318 2651 recedo.
