1500 2820
101 374 142 404 10

97 709 137 740 15

92 1039 135 1069 20

90 1393 131 1424 25

89 1724 131 1754 30

86 2054 128 2087 35

83 2386 127 2418 40

601 200 644 242 Q.
662 200 876 236 HORATH
891 201 1070 238 FLACCI

386 315 490 355 quae
513 301 624 343 velut
646 301 738 345 latis
762 318 866 358 equa
889 304 1006 346 trima
1031 306 1183 362 campis

386 363 488 404 ludit
512 363 703 406 exsultim
725 366 947 420 metuitque
970 367 1095 423 tangi,

385 425 618 480 nuptiarum
642 440 785 481 expers
811 433 850 468 et
873 427 1007 470 adhuc
1029 435 1218 484 protervo

469 483 594 528 cruda
616 487 771 529 marito.

384 581 428 616 tu
451 581 567 631 potes
593 576 716 632 tigres
742 577 990 632 comitesque
1015 579 1138 622 silvas

382 637 530 679 ducere
554 643 594 679 et
615 638 724 680 rivos
749 639 898 680 celeres
922 641 1088 691 morari3

382 699 505 741 cessit
526 699 714 741 immanis
739 700 812 742 tibi
834 700 1055 744 blandienti

464 761 610 802 ianitor
633 761 760 811 aulae,

383 842 606 895 Cerberus,
631 846 816 899 quamvis
841 846 983 888 furiale
1009 853 1170 890 centum

379 906 563 947 muniant
586 921 739 963 angues
764 913 886 963 eaput
909 909 1014 959 eius,
1039 915 1160 964 atque

381 968 544 1023 spiritus
568 973 670 1010 teter
693 969 907 1023 saniesque
930 977 1067 1013 manet

465 1044 533 1071 ore
557 1030 748 1086 trilingui.

379 1114 477 1167 quin
501 1120 540 1154 et
563 1114 683 1155 Ixion
707 1114 932 1170 Tityosque
955 1116 1071 1158 vultu

378 1175 466 1216 risit
489 1175 633 1225 invito,
660 1176 770 1218 stetit
792 1191 893 1218 urna
915 1178 1096 1232 paullum

380 1237 505 1286 sicca,
530 1237 628 1278 dum
651 1243 767 1293 grato
790 1237 928 1279 Danai
950 1240 1107 1293 puellas

463 1299 639 1340 carmine
662 1299 829 1341 mulces.

379 1383 516 1424 audiat
538 1383 659 1438 Lyde
684 1383 816 1426 scelus
841 1390 962 1438 atque
985 1391 1100 1427 notas

377 1444 581 1500 wirginum
604 1459 775 1499 poenas,
801 1451 842 1486 et
862 1446 982 1487 inane
1004 1447 1194 1502 lymphae

379 1506 531 1547 dolium
555 1506 683 1548 fundo
706 1508 911 1562 pereuntis
935 1508 1017 1549 imo

461 1581 630 1622 seraque
654 1568 751 1618 fata,

375 1666 478 1705 quae
502 1658 667 1693 manent
691 1653 830 1708 culpas
855 1654 976 1695 etiam
1001 1654 1076 1696 sub
1103 1652 1225 1697 Orco.

375 1713 524 1767 impiae
548 1738 602 1743 -—
626 1729 720 1755 nam
744 1715 842 1768 quid
864 1722 1032 1770 potuere
1054 1716 1211 1758 maius?
1233 1741 1285 1748 -—

374 1775 524 1829 impiae
548 1789 718 1830 sponsos
742 1783 909 1831 potuere
934 1777 1033 1819 duro

458 1836 627 1890 perdere
651 1837 776 1879 ferro!

374 1936 456 1961 una
479 1921 530 1962 de
553 1922 691 1963 multis
714 1922 805 1964 face
829 1923 1000 1979 nuptiali

376 1983 501 2038 digna
522 1984 728 2038 periurum
752 1984 830 2026 fuit
851 1986 894 2026 in
917 1992 1127 2041 parentem

375 2045 584 2100 splendide
613 2047 788 2088 mendax
813 2054 851 2089 et
874 2047 916 2088 in
940 2062 1058 2090 omne
1083 2049 1197 2104 virgo

455 2106 602 2148 nobilis
627 2122 786 2158 aevum,

375 2193 569 2246 „surge‚“
595 2205 699 2244 quae
724 2192 825 2233 dixit
848 2193 984 2234 iuveni
1007 2194 1163 2244 marito,

376 2267 542 2308 „surge,
566 2267 617 2293 ne
641 2253 788 2309 longus
812 2254 885 2296 tibi
909 2269 1093 2305 somnus,
1118 2255 1225 2296 unde

372 2327 454 2355 non
477 2314 613 2364 times,
638 2315 773 2365 detur3
799 2329 984 2357 socerum
1008 2323 1047 2358 et
1071 2317 1263 2359 scelestas

455 2375 551 2417 falle
575 2390 746 2426 sorores,

373 2473 496 2512 quae,
522 2460 633 2501 velut
655 2467 797 2502 nactae
821 2461 970 2503 vitulos
993 2462 1171 2513 leaenae,

373 2521 573 2576 sing-ulos,
599 2523 721 2564 eheu!
745 2523 940 2565 lacerant:
965 2539 1042 2580 ego
1065 2525 1144 2566 illis

372 2582 532 2624 mollior
553 2598 628 2625 nec
652 2590 691 2626 te
715 2585 857 2626 feriam
880 2599 1012 2640 neque
1034 2587 1140 2628 intra

455 2644 630 2687 claustra
654 2646 811 2688 tenebo.
