1500 2820
148 379 189 410 10

146 718 186 748 15

143 1054 187 1085 20

139 1419 183 1451 25

139 1757 183 1787 30

643 203 686 246 Q.
705 202 918 240 HORATII
934 203 1116 242 FLAOOJV

435 305 498 347 sas
522 306 753 360 pervicaces
778 314 840 350 est
862 307 962 349 mihi
985 308 1206 363 Thyiadas,

435 367 598 422 vinique
622 367 794 419 fontem,
819 369 935 412 lactis
960 376 1000 412 et
1022 369 1168 413 uberes

490 435 651 471 cantare
674 429 802 480 rivos,
828 437 949 485 atque
973 432 1124 474 truncis

544 490 661 546 lapsa
683 492 794 534 cavis
818 492 962 534 iterare
985 493 1124 544 mella3

434 581 497 623 sas
522 588 562 623 et
584 581 727 624 beatae
751 583 935 639 coniugis
959 584 1142 626 additum

434 644 559 686 stellis
583 644 795 695 honorem,
821 651 1007 700 tectaque
1029 646 1203 689 Penthei

488 706 656 748 disiecta
678 721 761 748 non
783 707 864 748 leni
885 707 1012 757 ruina,

542 767 713 811 Thracis
737 774 776 811 et
799 769 967 811 exitium
988 770 1185 827 Lycurgi.

432 863 476 899 tu
499 857 627 899 flectis
652 873 811 908 amnes,
837 866 881 900 tu
903 874 1014 902 mare
1037 859 1272 913 barbarum;

434 925 479 960 tu
503 919 699 974 separatis
723 920 870 962 uvidus
894 921 937 962 in
960 921 1067 978 iugis

487 980 594 1022 nodo
619 994 779 1023 coerces
803 982 986 1037 viperino

541 1041 802 1084 Bistonidum
826 1043 912 1085 sine
935 1044 1079 1087 fraude
1102 1046 1245 1089 crines.

431 1139 492 1182 tu,
518 1145 644 1186 quum
666 1133 845 1187 parentis
870 1148 996 1190 regna
1018 1149 1091 1190 per
1114 1136 1284 1178 arduum

430 1193 574 1235 cohors
600 1192 826 1250 Gigantum
851 1196 1063 1237 scanderet
1083 1196 1221 1252 impia,

485 1255 691 1297 Rhoetum
713 1256 911 1298 retorsisti
933 1256 1061 1300 leonis

540 1316 746 1374 unguibus
770 1317 1033 1373 horribilique
1055 1320 1181 1362 mala:

429 1421 676 1462 quamquam
701 1407 858 1450 choreis
882 1409 1014 1464 aptior
1036 1415 1077 1451 et
1097 1410 1198 1452 iocis

428 1469 605 1523 ludoque
629 1469 762 1511 dictus
786 1485 868 1512 non
891 1476 955 1512 sat
977 1471 1147 1513 idoneus

483 1546 645 1587 pugnae
668 1531 883 1582 ferebaris;
909 1532 981 1574 sed
1002 1533 1111 1575 idem

537 1593 651 1649 pacis
675 1607 764 1635 eras
787 1594 1028 1649 mediusque
1050 1594 1157 1637 belli.

429 1690 468 1725 te
491 1683 592 1725 vidit
615 1683 755 1725 insons
781 1683 984 1726 Cerberus
1009 1700 1130 1727 aureo

429 1759 556 1787 cornu
580 1746 791 1797 decorum,
816 1747 959 1788 leniter
982 1753 1158 1790 atterens

482 1807 672 1858 caudam,
699 1814 740 1850 et
761 1809 987 1851 recedentis
1011 1809 1191 1866 trilingui

540 1883 608 1911 ore
631 1870 757 1925 pedes
781 1870 993 1926 tetigitque
1017 1885 1145 1913 crura.

681 2017 939 2059 CARMEN
966 2020 1066 2059 XX.

498 2113 565 2144 AD
594 2113 637 2144 o.
664 2113 866 2147 CILNIUM
889 2114 1242 2147 MAECENATEM.

397 2194 490 2236 Non
513 2195 663 2237 usitata
685 2210 760 2237 nec
783 2197 895 2238 tenui
917 2196 1024 2238 ferar

396 2271 532 2312 penna
554 2256 735 2299 biformis
759 2272 832 2312 per
854 2258 1053 2312 liquidum
1076 2259 1238 2301 aethera

453 2325 588 2369 vates,
611 2333 743 2374 neque
768 2320 810 2360 in
834 2320 949 2362 terris
973 2320 1161 2362 morabor

507 2380 687 2436 longius,
712 2381 943 2436 invidiaque
966 2382 1095 2424 maior

397 2470 519 2512 urbes
543 2470 779 2525 relinquam.
803 2486 886 2513 non
909 2485 987 2527 ego
1010 2486 1235 2527 pauperum

398 2533 564 2588 sanguis
588 2540 818 2588 parentum,
842 2548 925 2575 non
948 2549 1044 2590 eg0,
1069 2548 1191 2588 quem
1213 2549 1349 2585 vocas,

453 2594 596 2635 dilecte
619 2594 858 2645 Maecenas,
884 2594 1018 2646 obibo,

507 2670 583 2697 nec
607 2655 754 2712 Stygia
776 2656 995 2699 cohibebor
1017 2657 1138 2700 unda.
