1500 2820
383 201 658 241 CARMINUM
681 202 780 239 LIB.
794 203 866 240 111.

69 326 144 357 nos
169 309 428 354 cantabimus
452 309 630 351 invicem

123 373 364 430 Neptunum
389 378 430 416 et
452 372 605 415 virides
628 371 854 415 Nereidum
878 386 1038 414 comas:

66 443 113 481 tu
135 451 261 480 curva
283 436 442 479 recines
466 435 557 492 lyra

122 500 334 543 Latonam
358 504 400 541 et
422 498 567 541 celeris
593 498 753 555 spicula
779 496 1004 554 Cynthiae:

67 606 229 634 summo
253 590 451 641 carmine,
478 605 585 645 quae
611 590 779 633 Cnidon

122 654 412 712 fulgentesque
437 660 550 696 tenet
575 652 783 710 Cycladas
810 659 850 694 ct
874 651 1051 709 Paphon

67 718 214 760 iunctis
239 717 336 759 visit
359 717 554 768 oloribus,

122 783 298 834 dicetur3
323 782 468 824 merita
490 781 587 824 Nox
611 796 776 837 quoque
801 781 935 823 nenia.

377 933 641 974 CARMEN
668 933 838 972 XXIX.

227 1030 297 1063 An
325 1030 368 1063 o.
397 1030 605 1063 CILNIUM
627 1029 994 1062 MAECENATEM.

95 1114 312 1171 Tyrrhena
334 1129 482 1172 regum
505 1115 745 1171 progenies,
772 1113 847 1156 tibi

93 1193 176 1221 non
201 1185 295 1220 ante
319 1193 439 1221 verso
463 1178 555 1220 lene
579 1193 739 1220 merum
764 1178 868 1220 cado

150 1255 246 1283 cum
268 1241 387 1291 flore,
412 1240 660 1292 Maecenas,
684 1256 874 1283 rosarum
899 1247 940 1283 et

206 1319 352 1360 pressa
374 1304 456 1347 tuis
481 1303 655 1347 balanus
681 1303 839 1360 capillis

96 1395 336 1438 iamdudum
361 1395 472 1451 apud
496 1410 563 1438 me
587 1401 663 1437 est.
689 1395 802 1452 eripe
826 1401 867 1437 te
891 1410 1031 1438 morae
1039 1412 1051 1448 3

96 1473 147 1502 ne
173 1474 336 1516 semper
359 1458 489 1500 udum
513 1457 647 1501 Tibur
670 1465 711 1500 et
734 1457 921 1501 Aesulae

150 1522 309 1565 declive
333 1521 622 1578 contempleris
647 1536 794 1564 arvum
818 1528 860 1564 et

209 1584 414 1642 Telegoni
435 1585 536 1642 iuga
558 1585 800 1641 parricidae.

96 1677 354 1720 fastidiosam
378 1677 523 1719 desere
550 1677 712 1733 copiam
737 1683 779 1719 et

96 1740 246 1783 molem
269 1740 545 1797 propinquam
569 1740 750 1783 nubibus
776 1740 937 1792 arduis3

150 1803 292 1846 omitte
317 1803 456 1845 mirari
480 1803 626 1846 beatae

207 1867 370 1908 fumum
394 1872 435 1908 et
458 1881 558 1922 opes
584 1866 883 1923 strepitumque
907 1867 1080 1909 Romae.

95 1957 337 2013 plerumque
361 1963 505 2014 gratae
529 1957 726 2000 divitibus
751 1958 864 2000 vices

96 2020 357 2075 mundaeque
380 2034 510 2076 parvo
536 2019 614 2062 sub
638 2019 723 2062 lare
747 2035 978 2076 pauperum

154 2097 305 2126 coenae
331 2083 420 2125 sine
444 2082 600 2124 aulaeis
626 2089 667 2124 et
696 2090 808 2125 ostro

212 2146 430 2189 sollicitam
454 2145 687 2201 explicuere
711 2146 903 2189 frontem.

101 2237 185 2279 iam
209 2237 344 2280 clarus
370 2237 577 2280 occultum
600 2237 897 2280 Andromedae
920 2245 1038 2295 pater

100 2299 280 2342 ostendit
303 2300 462 2357 ignem3
487 2301 570 2343 iam
595 2300 788 2358 Procyon
812 2301 912 2343 furit

157 2369 198 2404 et
222 2362 342 2405 stella
364 2364 508 2406 vesani
531 2364 705 2415 Leonis,

213 2425 300 2468 sole
324 2426 412 2469 dies
435 2428 638 2470 referente
663 2427 815 2479 siccos;

99 2517 182 2558 iam
205 2523 347 2573 pastor
369 2517 538 2561 umbras
564 2533 659 2561 cum
682 2534 810 2576 grege
834 2519 1032 2575 languido

100 2579 317 2634 rivumque
341 2580 479 2623 fessus
504 2582 664 2636 quaerit
687 2588 727 2623 et
751 2581 906 2624 horridi

158 2642 326 2685 dumeta
351 2642 528 2695 Silvani,
555 2651 748 2700 caretque

214 2705 304 2762 ripa
326 2707 444 2763 vagis
470 2707 673 2750 taciturna
695 2708 842 2751 ventis.

1236 192 1289 235 79

1318 382 1360 415 10

1318 728 1358 758 15

1319 1753 1360 1785 10

1320 2099 1360 2129 15

1317 2441 1361 2472 20
