1500 2820
439 178 835 223 CARMINUM-LIB.
853 177 920 216 IV.

193 285 381 330 doctrina
404 286 479 328 sed
502 286 587 328 vim
610 290 827 341 promovet
849 283 1028 333 insitam,

193 349 376 405 rectique
399 349 535 392 cultus
559 353 729 404 pectora
751 347 965 398 roborant3

247 418 472 467 utcumque
496 411 686 453 defecere
709 425 859 460 mores,

305 475 545 517 indecorant
568 473 674 516 bene
697 479 796 515 nata
820 472 978 528 culpae.

193 567 294 623 quid
317 566 488 618 debeas,
514 581 539 608 ο
567 566 722 615 Roma,
747 564 996 614 Neronibus,

196 630 314 673 testis
338 629 579 672 Metaurum
603 629 758 670 flumen
782 635 822 669 et
846 626 1089 670 Hasdrubal

250 693 438 736 devictus
463 698 504 734 et
525 691 698 748 pulcher
721 691 878 747 fugatis

306 755 374 797 ille
399 755 487 797 dies
511 755 638 796 Latio
663 754 856 803 tenebris,

194 841 266 896 qui
288 841 447 898 primus
472 840 582 882 alma
605 840 696 882 risit
720 840 883 890 adorea,

194 904 308 946 dirus
331 919 406 960 per
429 903 553 946 urbes
578 902 687 945 Afer
709 910 756 944 ut
780 903 907 945 Italas

251 981 328 1010 ceu
351 966 518 1009 flamma
541 981 616 1023 per
640 966 782 1008 taedas
808 966 875 1008 vel
898 965 1039 1008 Eurus

307 1044 382 1086 per
407 1027 571 1072 Siculas
597 1029 798 1084 equitavit
821 1029 970 1071 undas.

195 1122 290 1173 post
312 1115 392 1158 hoc
418 1115 610 1158 secundis
635 1131 768 1170 usque
793 1115 1004 1158 laboribus

195 1180 387 1223 Romana
408 1179 542 1236 pubes
568 1180 714 1230 crevit,
741 1186 781 1222 et
805 1180 933 1235 impio

252 1249 416 1285 vastata
439 1242 677 1285 Poenorum
702 1243 881 1285 tumultu

309 1306 407 1349 fana
431 1307 531 1349 deos
556 1307 738 1350 habuere
762 1314 909 1358 rectos,

197 1392 383 1447 dixitque
407 1393 575 1435 tandem
598 1393 780 1449 perfidus
806 1393 1038 1436 Hannibal:

199 1456 354 1507 „cervi‚
379 1455 573 1512 luporum
595 1457 750 1513 praeda
773 1457 999 1513 rapacium,

255 1525 462 1560 sectamur
484 1519 611 1570 ultro,
638 1534 741 1574 quos
768 1520 931 1576 opimus

310 1582 453 1625 fallere
478 1589 518 1625 et
543 1583 726 1640 effugere
751 1590 814 1626 est
838 1583 1084 1639 triumphus.

197 1683 320 1726 gens,
345 1683 453 1724 quae
478 1675 658 1712 cremato
682 1669 801 1712 fortis
828 1669 880 1712 ab
905 1670 984 1712 Ilio

197 1732 348 1774 iactata
371 1732 522 1775 Tuscis
548 1733 797 1788 aequoribus
823 1748 941 1776 sacra

253 1802 457 1850 natosque
480 1802 748 1852 maturosque
772 1803 910 1852 patres

310 1859 478 1914 pertulit
501 1858 714 1902 Ausonias
741 1861 793 1901 ad
817 1859 955 1910 urbes,

199 1943 312 1986 duris
337 1950 383 1986 ut
405 1944 488 1986 ilex
514 1951 634 1987 tonsa
657 1944 906 2000 bipennibus

198 2006 341 2063 nigrae
365 2006 493 2049 feraci
517 2007 675 2049 frondis
700 2008 744 2049 in
767 2007 938 2064 Algido,

254 2083 330 2125 per
352 2069 522 2121 damna,
547 2085 622 2126 per
646 2071 813 2120 caedes,
841 2070 893 2113 ab
917 2071 1010 2126 ipso

313 2131 427 2174 ducit
450 2147 550 2188 opes
576 2133 842 2188 animumque
867 2134 989 2176 ferro.

199 2231 284 2258 non
307 2216 440 2273 hydra
464 2225 577 2261 secto
602 2233 772 2274 corpore
797 2219 953 2261 firmior

200 2280 311 2322 vinci
334 2281 540 2324 dolentem
566 2283 694 2324 crevit
716 2282 759 2324 in
783 2282 1024 2334 Herculem,

256 2350 539 2387 monstrumve
564 2346 807 2388 summisere
833 2345 981 2388 Colchi

313 2407 447 2450 maius
470 2407 752 2451 Echioniaeve
778 2409 962 2452 Thebae.

200 2507 357 2535 merses
380 2493 606 2549 profundo,
629 2495 840 2551 pulchrior
864 2495 1020 2547 evenit3

202 2552 375 2606 luctere,
400 2557 531 2599 multa
553 2564 721 2613 proruet
745 2558 953 2615 integrum

259 2631 353 2660 cum
375 2618 498 2662 laude
521 2620 719 2663 victorem
743 2627 942 2678 geretque

315 2682 471 2737 proelia
493 2683 740 2740 coniugibus
765 2684 985 2738 loquenda.

1303 165 1356 210 87

1388 764 1432 794 40

1390 1124 1433 1156 45

1389 1469 1432 1500 50

1393 1807 1436 1839 55

1393 2146 1436 2178 60

1393 2505 1435 2538 65
