1592 2808
149 180 349 212 XXXVIII
652 187 703 214 DE
727 187 816 215 VITA
838 188 887 215 ΕΤ
910 184 1069 216 ΒΟΒῙΡΤΙΒ

150 259 243 292 esta.
252 256 362 302 746.,1
375 268 483 303 quem
496 258 625 294 eodem
644 270 740 294 anno
753 260 787 294 d.
798 259 844 296 V.
868 260 930 296 alii
937 261 1006 306 ipsi
1012 261 1227 299 invidebant
1233 262 1560 311 felicitatemillam,

147 301 232 336 Kal.
239 301 330 336 Dec.
345 307 519 348 sequutus
532 307 589 338 est
601 303 791 349 Horatius,
804 308 846 339 ut
870 317 943 351 qua
954 317 1170 352 magnorum
1188 307 1346 344 virorum
1358 309 1478 354 gratia
1489 309 1562 344 fru-

146 346 256 391 plane
282 346 418 382 exitum
442 347 614 382 habuerit
643 349 743 394 quod
763 349 843 394 ipse
869 351 1010 395 ebatur,
1023 352 1243 404 praesertim
1259 363 1372 399 quum
1391 353 1463 399 ipsi
1475 365 1562 400 quo-

145 390 207 436 pia
219 394 338 426 mente
351 395 552 437 auguratus
561 393 759 428 cecinerat:
778 395 846 428 Ibi-
893 405 938 430 ue
964 395 1034 430 sib1
1058 396 1197 442 aliquid
1218 396 1257 431 in
1301 398 1379 435 oesi
1389 409 1500 443 posse
1513 399 1562 434 vi-

145 447 229 476 mus,
252 436 379 477 ibimus,
398 443 564 482 utcunque
578 439 770 482 praecedes,
787 450 843 472 su-
893 444 1040 475 erentur
1052 440 1144 485 (Sat.
1157 440 1225 486 1.4‚
1239 409 1314 476 lfi.
1326 442 1356 478 I.
1364 443 1397 477 9.
1408 442 1561 488 integra.
1579 442 1592 476 1

138 491 293 525 premam
308 492 446 526 carpere
458 483 519 515 iter
532 484 664 516 comites
670 484 798 527 parati.
868 484 951 518 coll.
969 485 1086 530 Epist.
1099 486 1146 520 H.
1165 486 1197 530 1,
1213 486 1278 521 108
1290 489 1404 538 sqq.);
1422 486 1486 522 alii
1503 498 1561 523 ae-
1581 477 1592 536 ἒ

176 525 255 560 Iam
272 536 358 560 vero
379 525 487 560 sicuti
505 531 616 571 poeta
634 527 747 571 Varii,
762 527 841 563 Vir·
866 540 931 574 gre
949 529 1118 564 ferebant
1138 541 1302 566 severum
1320 542 1398 566 elus
1412 532 1457 566 de
1474 543 1560 576 poe·
1582 537 1592 570 G

142 569 233 648 gilii,
247 570 473 605 Maecenatis
492 572 786 606 benevolentiam
798 583 842 607 ac
865 573 911 607 tis
948 574 1216 626 antiquioribus
1245 574 1284 610 in
1310 575 1484 622 rimisque
1515 577 1560 611 de
1587 598 1592 623 2

159 625 305 649 avorem
328 615 399 650 iam
422 619 562 650 mature
593 621 840 667 consequutus
864 618 1008 652 Lucilio
1037 619 1228 671 iudicium,
1257 587 1562 656 aiversabantur-

141 659 264 703 est‚ita
272 660 380 694 etiam
388 660 540 694 aliorum
554 660 624 695 sibi
632 661 842 696 conciliavit
866 674 935 707 que
954 663 1169 698 recentioris
1189 664 1404 709 disciplinae
1418 665 1560 710 studiis,
1584 676 1592 706 4

141 703 309 749 gratiam,
331 704 393 750 qui
405 705 465 739 vel
481 704 560 740 eius
575 706 696 740 studia
707 706 840 750 proba—
889 707 998 742 uibus
1016 708 1195 743 Horatius
1213 708 1315 743 iuxta
1334 719 1415 746 cum
1431 709 1558 754 Vario,
1583 711 1592 752 ᾗ

140 751 223 783 rent
229 749 287 783 vel
299 749 414 793 ipsius
426 749 566 795 ingenii
576 750 839 794 praestantiam
897 751 1030 796 irgilio‚
1039 753 1132 797 aliis,
1147 753 1316 788 addictus
1323 752 1394 788 fuit
1405 755 1454 798 (v.
1461 753 1560 789 Wei-
1587 756 1592 787 i

140 793 417 828 admirarentur.
486 793 647 835 Quorum
692 795 840 829 nomina
864 796 976 831 chert.
989 796 1046 831 De
1059 797 1188 832 Horat.
1202 798 1511 833 obtrectatoribus
1522 798 1561 833 in
1587 796 1592 844 ξ

139 849 310 882 magnam
349 842 492 882 partem
530 838 542 872 i
572 849 610 873 se
643 839 838 875 memoriae
862 841 1007 875 Poetar.
1020 841 1140 876 Latin.
1153 842 1414 888 Rell.p.270sq
1441 843 1486 887 .);
1499 843 1560 878 de·
1590 880 1592 882 ,

165 882 303 917 rodidit
314 851 637 918 memorabiliqoco
652 883 727 918 Sat.
741 884 769 918 Ι.
784 885 837 928 10,
862 885 971 930 nique
985 886 1095 920 etiam
1107 887 1144 921 in
1163 886 1282 930 ipsum
1293 887 1425 922 invehe
1454 891 1562 922 antur
1587 931 1589 933 ι

138 894 182 962 ξΘ
191 927 349 978 sqq.‚ubi
363 932 509 971 praeter
521 928 617 972 illos,
628 939 720 973 quos
728 929 836 963 modo
863 928 977 964 Stoici
989 931 1180 976 aretalogi,
1193 931 1344 975 Fabius,
1359 930 1438 966 cris
1464 932 1558 977 inus,

138 971 422 1016 nominavimus,
465 972 630 1007 nominat
663 973 836 1017 Plotium,
863 973 1254 1020 Stertinius,Damasip
1282 975 1426 1022 us(Sat.
1455 977 1560 1019 ,1,20.

138 1016 322 1061 Valgium,
349 1017 552 1061 Octavium,
579 1018 733 1052 amicum
757 1018 837 1054 Vir·
862 1018 890 1053 Ι.
902 1019 1020 1062 3,139.
1034 1019 1062 1053 Ι.
1074 1019 1107 1063 4,
1122 1019 1174 1055 14.
1187 1020 1235 1054 ΙΙ.
1273 1023 1353 1055 ‚tot.
1366 1020 1414 1055 11.
1428 1020 1460 1065 7,
1473 1020 1558 1066 45.)‚
1589 1052 1592 1053 γ

138 1060 228 1106 gilii,
241 1061 401 1095 Fuscum
413 1060 600 1106 Aristium,
619 1062 753 1098 Viscos
766 1062 836 1097 fra·
862 1063 924 1108 qui
933 1063 1062 1109 quavis
1076 1065 1163 1099 data
1170 1064 1377 1109 occasione,
1390 1065 1559 1111 frequen-

137 1110 223 1149 tres,
237 1105 405 1140 Asinium
413 1106 631 1150 Pollionem,
641 1105 837 1141 Corvinum
862 1108 947 1142 tatis
964 1108 1129 1152 inprimis
1147 1109 1334 1144 hominum
1355 1110 1559 1145 beatiorum

137 1150 350 1184 Messallam
373 1150 525 1195 eiusque
546 1151 706 1195 fratrem,
725 1151 836 1186 Bibu-
862 1153 1050 1197 conviviis,
1071 1154 1116 1189 de
1129 1153 1324 1188 virtutibus
1341 1158 1379 1189 et
1395 1154 1492 1189 vitiis
1512 1155 1560 1189 ad

137 1195 222 1239 lum,
238 1194 413 1238 Servium,
434 1194 471 1229 C.
484 1196 668 1240 Furnium,
683 1207 837 1241 quorum
860 1197 974 1231 ravim
986 1209 1104 1250 usque
1124 1198 1411 1234 declamitabant
1429 1202 1466 1234 et
1482 1199 1558 1233 Ho-

136 1240 333 1285 plerosque
353 1239 462 1274 etiam
475 1240 557 1274 aliis
577 1240 669 1275 locis
684 1251 836 1276 comme·
860 1242 965 1286 ratio,
988 1253 1050 1288 qui
1063 1242 1318 1278 circulatorios
1335 1242 1428 1278 istos
1440 1243 1558 1288 philo-

135 1287 264 1319 morat.
312 1282 386 1318 Sed
409 1284 466 1318 his
496 1284 607 1319 etiam
631 1284 725 1320 alios
749 1286 836 1320 addi
862 1287 999 1331 sophos
1037 1288 1099 1331 (de
1125 1287 1257 1333 quibus
1287 1299 1320 1322 v,
1351 1286 1558 1323 Casaubon.

135 1328 313 1373 potuisse,
339 1328 417 1373 ipse
444 1328 645 1373 significat,
672 1330 834 1375 quando·
860 1331 908 1365 ad
921 1331 1419 1378 Sueton.Octav.c.74.e1tr.)
1434 1332 1558 1367 subin-

137 1373 284 1419 quidem
296 1373 442 1408 illorum
462 1374 672 1408 nominibus
687 1375 834 1409 subiun-
860 1376 905 1410 de
918 1376 1071 1420 risisset,
1091 1377 1297 1412 molestiam
1310 1387 1434 1412 creare
1448 1388 1556 1411 cona-

135 1418 190 1463 git
212 1418 321 1452 haec:
356 1418 579 1463 „Complures
602 1420 698 1462 alios,
722 1421 835 1453 doctos
859 1421 1004 1455 bantur.
1035 1421 1136 1462 Quos
1154 1421 1301 1466 quidem
1325 1421 1557 1456 adversarios

134 1475 195 1508 eqo
208 1474 291 1508 quos
303 1469 333 1496 et
346 1464 471 1497 amicos
486 1465 635 1508 prudens
648 1470 833 1508 praetereo,
859 1468 897 1499 et
920 1466 1188 1500 obtrectatores
1215 1476 1340 1500 omnes
1370 1469 1484 1511 poeta
1506 1466 1558 1500 ita

135 1508 834 1553 quibushaec‚sintqualiacunque‚arridere
860 1509 987 1544 derisit
1004 1514 1040 1544 et
1053 1510 1263 1555 exagitavit,
1283 1514 1324 1544 ut
1341 1521 1467 1545 eorum
1483 1521 1557 1545 mo-

133 1553 242 1586 velim.
260 1551 454 1586 Enimvero
467 1553 580 1587 multo
589 1553 697 1587 etiam
708 1554 833 1598 plures
858 1565 916 1588 res
937 1558 974 1589 et
991 1554 1139 1599 ingenia
1162 1554 1280 1589 facete
1300 1555 1348 1589 ad
1367 1554 1557 1590 veritatem

133 1596 232 1630 viros
241 1596 464 1631 clarissimos
472 1601 606 1641 poetae
615 1597 782 1632 novimus
797 1602 834 1633 et
860 1598 1096 1643 descripserit
1133 1603 1242 1644 atque
1284 1598 1556 1635 deformaverit.

133 1645 210 1675 tum
222 1645 261 1676 et
271 1645 403 1686 postea
420 1641 568 1686 favisse,
587 1642 831 1687 Fundanium,
892 1642 964 1677 Sed
984 1643 1073 1678 satis
1093 1644 1185 1678 haec
1204 1644 1249 1679 de
1263 1654 1307 1678 ea
1323 1647 1458 1688 aetate,
1484 1655 1558 1689 qua

131 1685 278 1720 Aelium
285 1686 833 1731 Lamiam,Iccium,Pompeium
856 1692 965 1731 poeta
974 1689 1111 1723 exactis
1121 1689 1249 1722 studiis
1258 1688 1478 1723 iuvenilibus
1485 1688 1555 1733 pri-

135 1731 357 1774 Grosphum,
371 1729 521 1764 Albium
534 1731 734 1775 Tibullum,
748 1732 831 1766 Plo—
857 1744 952 1766 mum
965 1732 1003 1766 in
1015 1733 1203 1777 publicum
1215 1733 1362 1777 prodire
1376 1744 1486 1768 ausus
1500 1737 1556 1768 est

131 1774 830 1820 tiumNumidam,Septimium,Florum,
858 1788 901 1811 ac
920 1777 1123 1812 scribendis
1136 1777 1277 1822 Epodis
1295 1782 1406 1822 atque
1426 1777 1555 1812 Satiris

131 1820 352 1863 Munatium,
379 1818 523 1854 Celsum
547 1819 830 1865 Albinovanum,
856 1821 1093 1856 fundamenta
1129 1821 1206 1856 eius
1237 1822 1357 1856 laudis
1385 1822 1555 1867 poeticae

131 1866 358 1908 Postumum,
385 1864 631 1909 Torquatum,
655 1865 829 1910 Lollium,
855 1866 950 1909 iecit,
979 1877 1086 1910 quam
1111 1872 1244 1911 postea
1262 1866 1362 1911 apud
1380 1867 1554 1912 aequales

131 1909 348 1953 Numicium,
358 1908 714 1953 Bullatium,Valam‚
724 1910 828 1954 alios,
854 1910 990 1955 pariter
1003 1915 1113 1956 atque
1126 1914 1296 1956 posteros
1306 1915 1554 1957 consequutus

157 1965 287 1989 uorum
311 1953 470 1988 omnium
494 1964 685 1989 recensum
714 1966 830 1999 nuper
855 1959 920 1990 est.
956 1956 1156 2000 Pergamus
1174 1966 1273 1990 nunc
1284 1956 1332 1990 ad
1343 1955 1487 1990 tertiam
1505 1955 1554 1990 vi-

133 1966 197 2033 gili
228 1997 414 2033 entissime
435 1998 511 2042 egit
539 1999 567 2032 Ι.
594 1998 637 2034 G.
658 1999 700 2033 F.
722 1998 829 2034 Estre
853 2004 912 2034 tae
943 1999 1058 2044 ipsius
1088 2003 1247 2044 partem,
1278 2000 1553 2045 videamusque,

130 2044 167 2079 in
245 2043 410 2078 oratiana
439 2043 764 2088 Prosopographia
794 2056 828 2088 p.
855 2045 953 2089 quali
977 2055 1087 2088 porro
1108 2044 1256 2079 vivendi
1281 2043 1492 2079 conditione
1518 2048 1556 2079 et

129 2088 196 2123 446
211 2100 303 2140 sqq.,
354 2099 437 2122 uem
462 2088 507 2122 de
530 2088 574 2122 iis
600 2088 828 2122 consuluisse
854 2089 1055 2123 studiorum
1066 2089 1207 2123 ratione
1220 2100 1307 2123 usus
1322 2089 1378 2123 sit.

131 2134 307 2168 iuvab1t.2
378 2132 520 2166 imirum
533 2132 604 2166 fuit
617 2133 827 2167 saneHora-
886 2134 1044 2167 Exortus
1062 2137 1184 2168 autem
1202 2137 1289 2178 post
1305 2132 1396 2168 belli
1407 2131 1553 2168 Actiaci

130 2177 202 2212 tius
226 2177 337 2212 etiam
360 2187 404 2211 eo
430 2176 541 2212 animi
565 2178 723 2212 candore
742 2177 828 2211 insi—
852 2181 1018 2222 tempora
1041 2189 1158 2212 novus
1181 2179 1292 2222 plane
1315 2189 1435 2212 rerum
1460 2178 1551 2212 ordo

130 2223 232 2268 gnis,
256 2226 299 2256 ut
320 2221 392 2256 hoc
418 2233 563 2267 quoque
588 2222 732 2257 nomine
759 2221 829 2256 sibi
853 2227 919 2266 est,
945 2222 1007 2267 qui
1033 2222 1105 2256 dici
1129 2233 1204 2256 non
1229 2226 1356 2267 potest
1378 2225 1553 2268 quantum

157 2267 306 2302 lurimos
325 2266 373 2301 ad
391 2271 604 2311 perpetuam
626 2267 779 2310 gratiam
793 2271 829 2301 et
852 2267 899 2300 ad
934 2267 1128 2301 mutandos
1158 2267 1406 2301 Romanorum
1434 2277 1554 2301 mores

129 2280 426 2348 benevolentiam
444 2310 656 2345 devinxerit.
698 2311 827 2352 Quam-
853 2322 896 2345 ac
926 2311 1046 2345 studia
1068 2310 1240 2355 valuerit,
1270 2315 1311 2345 ut
1333 2321 1403 2346 nec
1425 2310 1554 2345 mirum

130 2368 241 2403 quam
260 2355 370 2391 etiam
386 2355 539 2389 inem-rit
555 2359 631 2390 tum
649 2355 686 2390 in
699 2356 826 2390 multo·
853 2356 899 2389 sit
924 2366 1003 2390 eam
1026 2365 1101 2390 rem
1118 2354 1156 2389 in
1183 2355 1311 2389 studiis
1330 2358 1368 2390 et
1391 2355 1553 2390 consiliis

128 2414 209 2437 rum
222 2401 345 2436 odium
358 2403 396 2436 et
412 2399 647 2435 inimicitiam.
684 2399 826 2445 Quippe
852 2399 997 2434 Horatii
1020 2399 1253 2434 moderandis
1272 2399 1463 2434 maximam
1482 2399 1554 2433 vim

128 2447 194 2482 alii
205 2445 826 2482 eumoderantutmorumcensorem
851 2444 1037 2495 habuisse.
1095 2444 1188 2479 Nam
1224 2443 1390 2495 primum·
1407 2443 1553 2495 quidem

130 2502 218 2526 suae
230 2490 303 2536 ipsi
316 2490 374 2525 cul
402 2500 445 2524 ae
460 2489 529 2524 sibi
543 2490 680 2524 conscii
716 2490 789 2524 Sat.
797 2490 825 2523 Ι.
852 2492 927 2523 tum
951 2488 1055 2522 fimta
1075 2491 1158 2522 sunt
1176 2488 1324 2522 tandem
1345 2491 1553 2538 tristissima

127 2536 161 2580 4,
170 2536 212 2570 21
222 2547 300 2581 sqq.
313 2535 367 2569 33.
409 2538 457 2568 at.
470 2533 545 2567 Π.1
574 2534 682 2568 1-4,
719 2534 826 2579 2sqq.
850 2533 914 2567 illa
932 2533 1032 2568 bella
1050 2532 1174 2567 civilia
1191 2536 1228 2566 et
1245 2531 1375 2567 Italiae
1396 2531 1550 2566 civibus-

128 2581 177 2616 Π.
189 2580 222 2615 3.
234 2580 283 2615 in.
295 2578 362 2614 305
371 2590 450 2624 sqq.
457 2578 533 2612 325.
545 2560 592 2612 ΙΙ.
603 2579 709 2623 7‚⁴100
717 2580 825 2624 sqq.);
852 2589 922 2623 que
929 2576 1103 2629 Romanis
1110 2576 1309 2628 aliquando
1316 2575 1425 2611 rediit
1434 2586 1508 2621 pax
1515 2579 1552 2610 et

161 2651 176 2675 1
195 2657 223 2675 v.
235 2649 291 2675 Dio
304 2648 382 2675 Caas.
396 2648 455 2673 LV.
469 2649 494 2673 7.
850 2621 1096 2667 tranqullhtas
1116 2621 1317 2656 diutissime
1335 2623 1517 2666 exoptata.
1534 2622 1550 2647 1

161 2685 177 2711 2
196 2682 278 2710 eous.
292 2684 375 2708 etiam
387 2682 497 2707 Indices
510 2684 619 2707 nostros
632 2681 682 2707 sub
695 2689 741 2708 vv.
882 2682 897 2707 1
915 2680 987 2706 Ven.
1001 2679 1062 2704 Pat.
1075 2679 1112 2704 11.
1125 2679 1169 2704 89.
