1500 2820
442 187 716 226 CARMINUM
737 187 836 224 LIB.
855 188 921 226 IV.

36 286 50 354 'J
67 291 228 342 *Gratia
251 299 348 339 cum
371 294 577 352 Nymphis
601 294 862 352 geminisque
888 293 1098 337 sororibus
1123 293 1249 336 audet

137 359 287 403 ducere
310 359 424 401 nuda
447 358 609 402 choros.

78 421 327 469 immortalia
349 437 402 465 ne
427 436 587 479 speres,
612 427 753 464 monet
776 436 910 464 annus
935 427 976 463 et
1000 420 1156 463 almum

136 501 243 544 quae
266 486 374 543 rapit
396 485 497 528 hora
521 485 644 528 diem.

36 585 38 587 ’
79 577 235 635 frigora
257 577 478 620 mitescunt
503 576 727 634 Zephyris;
753 591 826 619 ver
848 576 1020 633 proterit
1043 583 1194 627 aestas,

133 641 365 692 interitura,
392 640 515 683 simul

79 703 258 762 pomifer
281 710 504 747 autumnus
529 703 674 761 fruges
700 703 909 754 effuderit,
936 709 977 746 et
1000 718 1099 746 mox

135 767 284 811 bruma
306 767 478 810 recurrit
500 767 624 810 iners.

78 859 230 902 damna
254 866 392 902 tamen
416 859 570 902 celeres
595 865 787 916 reparant
811 858 1006 901 caelestia
1030 858 1199 909 Lunae3

133 937 230 973 nos,
255 922 328 966 ubi
351 923 595 973 decidimus,

79 1001 159 1042 quo
182 986 277 1042 pius
300 985 490 1037 Aeneas,
516 1001 598 1042 quo
624 986 740 1028 dives
767 985 916 1028 Tullus
943 992 982 1027 et
1008 985 1169 1036 Aucus,

133 1049 270 1106 pulvis
295 1055 336 1091 et
359 1048 508 1092 umbra
533 1065 690 1092 sumus.

79 1140 170 1196 quis
196 1140 290 1192 scit,
322 1156 376 1183 an
400 1141 594 1184 adiiciant
618 1141 842 1184 hodiernae
867 1141 1045 1183 crastina
1071 1155 1257 1183 summae

134 1209 321 1260 tempora
344 1204 388 1246 di
413 1205 576 1260 superi?

79 1272 227 1309 cuncta
250 1282 398 1310 manus
423 1268 566 1310 avidas
591 1268 754 1325 fugient
777 1268 960 1319 heredis,
987 1267 1120 1310 amieo

133 1344 240 1386 quae
264 1330 426 1373 dederis
452 1331 603 1374 animo.

78 1436 206 1477 quum
231 1422 359 1465 semel
383 1423 584 1466 occideris
610 1429 652 1466 et
675 1424 727 1467 de
751 1430 792 1466 te
817 1423 1034 1482 splendida
1057 1423 1198 1466 Minos

134 1485 278 1528 fecerit
301 1485 483 1537 arbitria,

78 1562 178 1600 non,
205 1548 434 1604 Torquate,
460 1564 617 1606 genus,
643 1565 727 1592 non
751 1555 791 1593 te
817 1550 1030 1601 facundia,
1056 1566 1140 1594 non
1166 1557 1205 1593 te

131 1612 319 1654 restituet
342 1612 496 1669 pietas:

15 1728 22 1731 »
76 1701 247 1745 infernis
273 1718 407 1759 neque
433 1705 543 1746 enim
569 1704 749 1747 tenebris
774 1704 914 1747 Diana
938 1705 1135 1761 pudicum

132 1765 280 1809 liberat
303 1766 595 1824 Hippolytum,

77 1843 154 1871 nec
176 1829 366 1872 Lethaea
390 1830 500 1872 valet
524 1831 715 1873 Theseus
742 1831 987 1887 abrumpere
1013 1846 1108 1874 caro

134 1891 300 1934 vincula
322 1891 523 1935 Pirithoo.

471 2037 734 2085 CARMEN
764 2046 886 2086 VIII.

294 2139 363 2171 AD
392 2139 435 2172 c.
460 2139 694 2174 MARCIUM
719 2141 1055 2176 CENSORINUM.

192 2222 407 2266 Donarem
429 2230 594 2279 pateras
618 2231 818 2282 grataque
843 2227 1099 2278 commodus,

192 2284 440 2338 Censoriae,
466 2287 570 2330 meis
596 2303 691 2331 aera
717 2289 948 2341 sodalibus3

190 2349 386 2390 donarem
411 2349 612 2405 tripodas,
639 2352 822 2407 praemia
846 2352 1016 2395 fortium

193 2408 432 2463 Graiorum3
459 2427 594 2468 neque
619 2420 666 2456 tu
687 2415 871 2470 pessima-
895 2431 1113 2458 munerum

190 2501 340 2552 serres,
365 2503 491 2546 divite
515 2520 582 2546 me
607 2505 764 2548 scilicet
788 2506 950 2557 artium,

191 2579 295 2619 quas
319 2572 390 2608 aut
413 2566 659 2611 Parrhasius
684 2569 854 2626 protulit
878 2576 948 2611 aut
974 2568 1148 2626 Scopas,

190 2627 259 2670 hic
283 2643 403 2679 saxo,
427 2629 594 2685 liquidis
618 2632 688 2674 ille
713 2632 920 2674 coloribus

192 2690 334 2734 sollers
358 2707 468 2735 nunc
491 2693 699 2737 hominem
723 2710 893 2752 ponere,
919 2711 1029 2738 nunc
1053 2696 1190 2739 deum.

1306 177 1358 222 91

1387 308 1407 339 5

1388 653 1431 685 10

1387 1000 1429 1030 15

1386 1343 1430 1374 20

1384 1718 1427 1750 25
