1500 2820
239 196 292 238 72

169 446 209 476 15

164 782 206 812 20

666 207 710 250 Q.
728 206 940 244 HORATII
955 209 1140 247 FLACCI

429 315 474 350 tu
495 309 586 351 lene
610 315 854 353 tormentum
876 312 1039 368 ingenio
1063 314 1255 358 admoves

426 370 664 426 plerumque
688 372 808 423 duro3
833 379 877 415 tu
901 374 1144 429 sapientium

482 447 600 476 curas
625 440 666 475 et
688 449 880 476 arcanum
902 435 1040 478 iocoso

536 495 748 537 consilium
771 497 920 552 retegis
943 498 1105 553 Lyae03

426 589 470 624 tu
495 599 610 639 spem
632 585 792 627 reducis
817 586 1019 628 mentibus
1045 588 1174 630 anxiis

425 645 631 700 viresque,
656 653 695 688 et
719 647 834 689 addis
860 662 1010 690 cornua
1033 651 1214 705 pauperi,

481 713 573 761 post
597 714 636 749 te
659 722 791 762 neque
814 709 938 751 iratos
962 711 1147 752 trementi

534 783 678 825 regum
701 770 836 825 apices
860 785 992 826 neque
1014 772 1188 814 militum
1211 789 1333 816 anna.

425 864 463 899 te
487 858 616 900 Liber
639 865 696 910 et,
723 859 759 901 si
779 860 887 902 laeta
909 861 1055 912 aderit,
1080 861 1222 905 Venus

426 934 653 975 segnesque
676 921 830 963 nodum
854 922 1009 964 solvere
1035 922 1201 966 Gratiae

479 981 676 1036 vivaeque
699 983 924 1038 producent
945 984 1146 1036 lucernae,

534 1043 631 1084 dum
654 1044 814 1086 rediens
838 1045 955 1102 fugat
978 1053 1087 1089 astra
1109 1047 1315 1091 Phoebus.

679 1215 937 1256 CARMEN
965 1218 1109 1257 XXII.

721 1311 791 1343 AD
828 1312 1070 1344 DIANAM.

420 1391 625 1434 Montium
649 1399 786 1435 custos
811 1409 1119 1450 nemorumque,
1145 1396 1272 1453 virgo,

419 1468 524 1507 quae
547 1454 776 1497 laborantes
800 1462 913 1498 utero
936 1456 1092 1511 puellas

419 1521 480 1556 ter
502 1522 646 1557 vocata
669 1517 784 1558 audis
809 1517 1034 1572 adimisque
1057 1518 1150 1570 leto,

502 1577 597 1618 diva
619 1577 831 1629 triformis3

417 1666 631 1709 imminens
655 1667 774 1709 villae
798 1674 867 1710 tua
890 1669 1009 1724 pinus
1034 1675 1134 1720 esto,

417 1741 540 1782 quam
563 1743 636 1783 per
659 1735 822 1771 exactos
846 1744 923 1785 ego
946 1731 1077 1773 laetus
1101 1746 1229 1774 annos

417 1790 543 1831 verris
567 1789 776 1844 obliquum
800 1792 1030 1835 meditantis
1053 1793 1180 1835 ictum

502 1851 698 1907 sanguine
723 1852 882 1894 donem.

662 2017 1112 2058 OARMENXXIII.

611 2111 698 2142 AD
747 2113 1168 2145 PHIDYLEN.

416 2191 542 2234 Caelo
568 2193 732 2248 supinas
758 2194 793 2235 si
816 2194 954 2236 tuleris
978 2210 1123 2237 manus

413 2260 604 2295 nascente
627 2255 768 2305 Luna,
792 2256 945 2298 rustica
967 2255 1154 2312 Phidyle,

469 2315 503 2356 si
527 2315 643 2357 thure
666 2316 837 2371 placaris
862 2323 902 2358 et
924 2317 1053 2359 horna

522 2376 641 2433 fruge
664 2378 795 2420 Lares
820 2378 1018 2433 avidaque
1041 2394 1176 2434 porca,

411 2480 486 2507 nec
507 2467 764 2521 pestilentem
788 2468 934 2509 sentiet
958 2467 1149 2510 Africum

411 2527 587 2570 fecunda
609 2529 721 2580 vitis,
746 2544 821 2572 nec
843 2530 1020 2572 sterilem
1045 2545 1164 2587 seges

466 2589 692 2646 robiginem
716 2598 786 2633 aut
809 2591 948 2634 dulces
972 2592 1125 2634 alumni

519 2652 717 2707 pomifero
741 2668 864 2710 grave
888 2660 1047 2710 tempus
1072 2670 1177 2698 anno
