1500 2820
196 190 249 232 66

129 377 170 409 10

129 715 168 746 15

122 1712 160 1742 10

120 2049 159 2078 15

117 2383 159 2414 20

625 200 668 244 Q.
687 199 902 238 HORATII
917 201 1099 240 FLAOOI

417 309 456 344 te
479 303 687 359 flagrantis
712 310 828 346 atrox
850 305 950 347 hora
974 305 1195 350 Caniculae

416 365 544 407 nescit
567 372 752 422 tangere,
777 373 822 408 tu
845 366 974 423 frigus
998 369 1172 412 amabile

469 426 591 469 fessis
615 442 779 470 vomere
803 429 928 471 tauris

523 489 695 544 praebes
719 496 760 531 et
780 491 917 546 pecori
940 506 1059 548 vago.

414 578 487 620 fies
511 577 707 620 nobilium
730 584 776 620 tu
798 593 961 634 quoque
984 581 1170 633 fontium,

414 654 479 681 me
504 640 662 682 dicente
686 641 798 683 cavis
821 641 1053 697 impositam
1077 643 1211 686 ilicem

469 702 596 752 saxis,
621 702 730 744 unde
752 702 944 757 loquaces

523 763 717 820 lymphae
738 763 930 807 desiliunt
954 771 1059 808 tuae.

659 910 918 954 CAEMEN
945 915 1064 955 XIV.

557 1007 622 1039 An
647 1006 879 1042 POPULUM
900 1009 1158 1043 ROMANUM.

413 1089 604 1132 Herculis
628 1091 709 1133 ritu
730 1092 854 1134 modo
877 1092 1028 1143 dictus,
1053 1108 1078 1135 o
1101 1093 1230 1149 plebs,

412 1158 539 1194 morte
563 1153 922 1210 venalempetiisse
937 1155 1108 1206 laurum,

414 1212 585 1264 Caesar,
611 1214 802 1270 Hispana
822 1216 969 1270 repetit
990 1216 1166 1260 Penates

493 1276 623 1318 victor
645 1276 697 1318 ab
721 1291 804 1319 ora.

410 1364 528 1406 unico
551 1365 734 1420 gaudens
758 1366 903 1408 mulier
925 1367 1070 1410 marito

409 1426 578 1481 prodeat
601 1426 719 1469 iustis
743 1434 910 1483 operata
932 1429 1049 1479 divis,

409 1494 449 1528 et
473 1502 586 1529 soror
610 1488 707 1530 clari
730 1489 864 1540 ducis,
891 1496 929 1531 et
953 1491 1122 1532 decorae

492 1550 673 1605 supplice
695 1550 798 1593 vitta

408 1638 611 1695 virginum
635 1644 785 1682 matres
808 1639 1083 1696 iuvenumque
1106 1657 1236 1698 nuper

408 1701 617 1755 sospitam.
642 1715 736 1752 vos,
762 1715 787 1744 o
809 1702 925 1757 pueri
949 1709 988 1745 et
1010 1703 1181 1758 puellae,

406 1762 487 1803 iam
510 1762 643 1804 virum
667 1769 874 1818 expertae,
899 1764 1006 1805 male
1028 1765 1260 1808 inominatis

489 1824 642 1878 parcite
666 1825 813 1867 verbis.

405 1913 472 1955 hie
495 1913 582 1955 dies
607 1929 700 1956 vere
724 1915 823 1956 mihi
847 1915 977 1957 festus
1001 1922 1109 1959 atras

407 1974 556 2016 eximet
581 1989 718 2026 ouras3
744 1990 821 2032 ego
845 1991 920 2018 neo
945 1978 1174 2028 tumultum,

406 2050 481 2077 nec
504 2037 606 2078 mori
628 2051 702 2092 per
724 2037 808 2078 vim
831 2045 1027 2090 metuam,
1052 2045 1214 2082 tenente

491 2097 669 2140 Caesare
693 2104 832 2140 terras.

405 2186 436 2236 i,
462 2193 554 2242 pete
577 2193 849 2243 unguentum,
874 2203 994 2243 puer,
1021 2195 1061 2231 et
1084 2204 1253 2232 coronas

406 2255 446 2288 et
468 2249 613 2290 cadum
637 2248 769 2291 Marsi
791 2264 1012 2292 memorem
1035 2251 1170 2302 duelli,

406 2309 649 2365 Spartacum
674 2312 707 2353 si
731 2326 814 2366 qua
835 2313 968 2368 potuit
990 2320 1207 2369 vagantem

487 2373 626 2415 fallere
650 2380 765 2416 testa.

404 2461 469 2503 die
492 2467 533 2503 et
555 2469 722 2518 argutae
745 2469 934 2518 properet
956 2463 1137 2506 Neaerae

402 2537 607 2564 murreum
630 2524 737 2566 nodo
761 2524 947 2566 cohibere
971 2525 1122 2567 crinem
1129 2541 1140 2576 ;

405 2584 439 2625 si
461 2598 535 2639 per
556 2584 733 2626 invisum
756 2600 869 2627 mora
891 2585 1100 2628 ianitorem

487 2645 572 2696 fiet,
598 2646 717 2688 abito.
