1566 2814
38 207 74 266 {³
449 180 817 222 EPISTOLARUM
839 180 1007 217 1111111

94 308 146 337 ve
168 292 303 336 minor
325 306 408 334 neu
432 290 485 333 sit
508 289 653 346 quinto
676 286 916 346 productior
939 294 1035 330 actu

39 355 47 392 .'
85 356 202 408 bula,
227 369 334 411 quae
356 353 475 411 posci
497 351 587 395 vult
610 357 651 394 et
675 356 861 407 spectata
883 349 1041 406 reponi.

36 415 118 473 iaec
140 419 243 462 deus
267 417 446 468 intersit,
471 415 553 458 nisi
576 415 728 472 dignus
753 413 918 456 vindice
942 413 1077 456 nodus

32 481 246 526 inciderit:
271 495 349 523 nec
372 485 520 535 quarta
542 477 656 533 loqui
679 492 858 534 persona
882 475 1053 518 laboret.

41 545 191 589 actoris
215 552 354 601 partes
379 543 529 585 chorus
555 540 823 595 officiumque
846 539 964 581 virile

35 608 254 662 defendat:
279 622 362 649 neu
386 606 488 662 quid
511 605 671 647 medios
695 603 913 645 intercinat
938 609 1069 654 actus,

35 672 153 738 {quod
175 686 259 713 non
282 669 494 727 proposito
518 668 723 710 conducat
746 674 787 709 et
810 666 978 708 haereat
1002 672 1110 722 apte.

36 730 108 781 ille
132 734 253 778 bonis
278 733 500 788 faveatque
526 739 566 774 et
590 730 829 774 consilietur
853 729 998 780 amice,

40 804 84 850 ot
104 806 223 855 regat
245 797 372 839 iratos
397 806 438 838 et
462 801 572 838 amet
595 808 768 850 peccare
793 793 1004 844 timentes;

39 854 109 917 {lle
133 862 262 918 dapes
286 859 426 902 laudet
449 872 619 901 mensae
644 857 799 907 brevis,
825 856 894 897 ille
919 825 1127 898 saliibrem

38 924 239 970 iustitiam
262 924 460 980 legesque
486 929 526 964 et
550 921 702 977 apertis
729 920 813 962 otia
835 919 985 975 portis;

39 982 109 1042 {lle
133 995 246 1045 tegat
270 986 511 1036 commissa,
537 985 722 1038 deosque
747 994 937 1039 precetur
961 989 1002 1024 et
1027 988 1125 1032 oret,

40 1047 90 1102 ιιι
109 1051 252 1094 redeat
274 1049 456 1100 miseris,
482 1048 604 1091 abeat
628 1048 795 1089 fortuna
820 1045 1023 1102 superbis.

41 1113 143 1158 tibia
166 1129 269 1166 non,
292 1120 339 1155 ut
362 1126 491 1163 nunc,
517 1110 724 1154 orichalco
749 1110 905 1160 vincta,
932 1109 1139 1164 tubaeque

42 1177 222 1237 aemula,
249 1177 324 1220 sed
346 1175 482 1218 tenuis
508 1175 768 1231 simplexque
793 1173 994 1216 foramine
1018 1187 1154 1229 pauco

42 1237 254 1298 adspirare
278 1246 320 1282 et
343 1239 491 1282 adesse
515 1238 651 1281 choris
677 1244 766 1279 erat
788 1237 920 1287 utilis,
947 1245 1070 1291 atque

41 1304 227 1347 nondum
251 1303 387 1359 spissa
410 1301 533 1344 nimis
559 1300 765 1357 complere
791 1300 936 1342 sedilia
960 1299 1079 1341 flatu:

43 1381 128 1423 quo
152 1380 252 1409 sane
275 1365 454 1422 populus
478 1364 767 1415 numerabilis,
793 1371 935 1420 utpote
961 1377 1114 1419 parvus

39 1436 85 1478 et
106 1429 220 1487 frugi
243 1436 466 1484 castusque
491 1428 854 1482 verecundusque,
881 1426 1030 1468 coibat.

100 1499 264 1550 stquam
288 1492 424 1549 coepit
447 1506 570 1548 agros
596 1490 816 1533 extendere
841 1490 973 1532 victor
997 1496 1037 1531 et
1060 1487 1184 1530 urbes

42 1505 163 1603 thor
185 1556 378 1613 amplecti
400 1570 544 1597 murus
569 1554 749 1610 vinoque
774 1554 922 1595 diurno

43 1616 198 1681 placari
223 1618 383 1664 Genius
407 1618 563 1661 festis
551 1633 723 1675 impune
748 1617 909 1668 diebus,

41 1683 219 1728 occessit
242 1682 508 1754 numerisque
533 1681 751 1736 modisque
775 1680 943 1723 licentia
966 1679 1110 1721 maior.

43 1744 234 1793 indoctus
259 1746 361 1802 quid
384 1745 495 1788 enim
519 1752 683 1801 saperet
706 1744 893 1798 liberque
917 1742 1106 1785 laborum

45 1810 242 1861 fantinus,
267 1808 427 1851 urbano
452 1807 672 1858 confusus,
699 1807 831 1862 turpis
856 1806 1056 1848 honesto?

44 1872 108 1930 §ic
127 1872 290 1930 priscae
313 1878 556 1926 motumque
580 1877 621 1912 et
644 1870 851 1912 luxuriam
875 1869 1034 1911 addidit
1058 1867 1136 1910 arti

44 1932 199 1994 fibicen
222 1935 428 1990 traxitque
452 1948 586 1990 vagus
610 1947 686 1989 per
709 1932 869 1988 pulpita
892 1940 1071 1973 vestem:

46 1991 110 2046 fic
131 1999 257 2042 etiam
280 1997 433 2040 fidibus
457 2011 583 2039 voces
609 2010 775 2038 crevere
801 1995 970 2044 severis,

48 2067 90 2105 ot
111 2061 205 2104 tulit
228 2061 439 2117 eloquium
462 2060 676 2102 insolitum
699 2058 895 2101 facundia
917 2071 1130 2114 praeceps,

46 2124 292 2180 utiliumque
317 2139 448 2181 sagax
470 2137 610 2165 rerum
633 2129 674 2164 et
698 2122 838 2163 divina
862 2121 991 2163 futuri

45 2187 256 2254 'Sortilegis
279 2202 364 2230 non
388 2186 613 2242 discrepuit
638 2185 844 2228 sententia
864 2184 1057 2241 Delphis.

44 2244 230 2297 &armine
253 2250 326 2305 qui
349 2249 506 2306 tragico
530 2249 655 2290 vilem
679 2250 851 2290 certavit
874 2247 927 2290 ob
953 2247 1125 2298 hircum,

93 2328 148 2356 ox
171 2313 296 2355 etiam
320 2319 506 2370 agrestes
533 2310 705 2368 Satyros
729 2311 919 2362 nudavit,
946 2317 987 2352 et
1010 2325 1132 2366 asper

71 2431 74 2433 Α
94 2376 247 2419 columi
269 2375 472 2433 gravitate
495 2375 633 2418 iocum
657 2375 830 2417 tentavit
853 2389 921 2425 eo,
947 2374 1060 2429 quod

95 2438 254 2482 ecebris
279 2445 367 2481 erat
390 2446 430 2480 et
453 2444 572 2496 grata
596 2438 778 2481 novitate
802 2438 1028 2480 morandus

127 2509 277 2553 ctator,
302 2501 554 2557 functusque
579 2501 706 2545 sacris
731 2507 772 2544 et
793 2507 917 2557 potus
943 2507 984 2542 et
1007 2499 1141 2543 exlex.

218 2565 277 2607 ita
299 2565 470 2616 risores,
494 2565 553 2607 ita
576 2565 865 2608 commendare
890 2564 1051 2606 dicaces

130 2628 268 2670 veniet
294 2627 487 2685 Satyros,
511 2629 570 2671 ita
593 2636 751 2671 vertere
776 2627 883 2670 seria
906 2627 1018 2677 ludo,

129 2693 379 2748 quicumque
403 2693 525 2744 deus,
551 2692 801 2750 quicumque
825 2689 1087 2734 adhibebitur
1112 2689 1247 2739 heros,

98 2787 99 2790 =
121 2769 271 2800 Horatius.
1138 2761 1187 2800 15

1321 169 1407 214 225

1432 359 1498 391 190

1436 676 1499 708 195

1436 993 1502 1025 200

1436 1310 1502 1342 205

1438 1627 1504 1659 210

1440 1941 1505 1974 215

1442 2256 1508 2288 220

1443 2574 1509 2605 225
