<?xml version="1.0" encoding="UTF-8"?>
<!DOCTYPE html PUBLIC "-//W3C//DTD XHTML 1.0 Transitional//EN"
    "http://www.w3.org/TR/xhtml1/DTD/xhtml1-transitional.dtd">
<html xmlns="http://www.w3.org/1999/xhtml" xml:lang="en" lang="en">
 <head>
  <title>
</title>
<meta http-equiv="Content-Type" content="text/html;charset=utf-8" />
  <meta name='ocr-system' content='tesseract 3.04.00' />
  <meta name='ocr-capabilities' content='ocr_page ocr_carea ocr_par ocr_line ocrx_word'/>
</head>
<body>
  <div class='ocr_page' id='page_1' title='image "./operaomni00horauoft_0056.png"; bbox 0 0 1592 2808; ppageno 0'>
   <div class='ocr_carea' id='block_1_1' title="bbox 1198 0 1588 150">
    <p class='ocr_par' dir='ltr' id='par_1_1' title="bbox 1198 0 1588 150">
     <span class='ocr_line' id='line_1_1' title="bbox 1198 0 1588 108; baseline 0.008 -81"><span class='ocrx_word' id='word_1_1' title='bbox 1198 0 1263 28; x_wconf 30' lang='grc' dir='ltr'>’θ’-ἐτ</span> <span class='ocrx_word' id='word_1_2' title='bbox 1291 0 1315 25; x_wconf 76' lang='lat' dir='ltr'>s..</span> <span class='ocrx_word' id='word_1_3' title='bbox 1321 0 1588 108; x_wconf 50' lang='lat' dir='ltr'>wormes-³!</span> 
     </span>
     <span class='ocr_line' id='line_1_2' title="bbox 1561 111 1575 150; baseline 0 0"><span class='ocrx_word' id='word_1_4' title='bbox 1561 111 1575 150; x_wconf 57' lang='grc' dir='ltr'><em>ξ</em></span> 
     </span>
    </p>
   </div>
   <div class='ocr_carea' id='block_1_2' title="bbox 194 206 1118 239">
    <p class='ocr_par' dir='ltr' id='par_1_2' title="bbox 194 206 1118 239">
     <span class='ocr_line' id='line_1_3' title="bbox 194 206 1118 239; baseline 0.003 -3"><span class='ocrx_word' id='word_1_5' title='bbox 194 206 224 236; x_wconf 81' lang='lat' dir='ltr'>L</span> <span class='ocrx_word' id='word_1_6' title='bbox 701 211 752 237; x_wconf 75' lang='lat' dir='ltr'>DE</span> <span class='ocrx_word' id='word_1_7' title='bbox 775 211 864 238; x_wconf 74' lang='lat' dir='ltr'>VITA</span> <span class='ocrx_word' id='word_1_8' title='bbox 887 212 936 238; x_wconf 81' lang='grc' dir='ltr'>ΕΤ</span> <span class='ocrx_word' id='word_1_9' title='bbox 959 212 1118 239; x_wconf 63' lang='lat' dir='ltr'>sommas</span> 
     </span>
    </p>
   </div>
   <div class='ocr_carea' id='block_1_3' title="bbox 177 279 1592 2070">
    <p class='ocr_par' dir='ltr' id='par_1_3' title="bbox 177 279 1592 2070">
     <span class='ocr_line' id='line_1_4' title="bbox 196 279 1592 330; baseline 0.003 -14"><span class='ocrx_word' id='word_1_10' title='bbox 196 293 286 317; x_wconf 87' lang='lat' dir='ltr'>sere.</span> <span class='ocrx_word' id='word_1_11' title='bbox 322 279 446 328; x_wconf 85' lang='lat' dir='ltr'><strong>Atque</strong></span> <span class='ocrx_word' id='word_1_12' title='bbox 465 282 538 316; x_wconf 85' lang='lat' dir='ltr'>hoc</span> <span class='ocrx_word' id='word_1_13' title='bbox 557 293 703 328; x_wconf 86' lang='lat' dir='ltr'>quoque</span> <span class='ocrx_word' id='word_1_14' title='bbox 729 287 832 328; x_wconf 83' lang='lat' dir='ltr'>patet</span> <span class='ocrx_word' id='word_1_15' title='bbox 850 295 894 318; x_wconf 87' lang='lat' dir='ltr'>ea</span> <span class='ocrx_word' id='word_1_16' title='bbox 952 283 1025 320; x_wconf 87' lang='lat' dir='ltr'>Sed</span> <span class='ocrx_word' id='word_1_17' title='bbox 1045 296 1155 330; x_wconf 91' lang='lat' dir='ltr'>quum</span> <span class='ocrx_word' id='word_1_18' title='bbox 1172 285 1349 321; x_wconf 77' lang='lat' dir='ltr'><strong>Horatius</strong></span> <span class='ocrx_word' id='word_1_19' title='bbox 1372 285 1411 320; x_wconf 90' lang='lat' dir='ltr'>in</span> <span class='ocrx_word' id='word_1_20' title='bbox 1429 284 1509 320; x_wconf 89' lang='lat' dir='ltr'>odis</span> <span class='ocrx_word' id='word_1_21' title='bbox 1528 285 1592 325; x_wconf 45' lang='lat' dir='ltr'>sci-z</span> 
     </span>
     <span class='ocr_line' id='line_1_5' title="bbox 193 325 1592 376; baseline 0.004 -16"><span class='ocrx_word' id='word_1_22' title='bbox 193 326 277 371; x_wconf 86' lang='lat' dir='ltr'>lege</span> <span class='ocrx_word' id='word_1_23' title='bbox 290 325 380 370; x_wconf 87' lang='lat' dir='ltr'>fieri,</span> <span class='ocrx_word' id='word_1_24' title='bbox 399 330 440 361; x_wconf 90' lang='lat' dir='ltr'>ut</span> <span class='ocrx_word' id='word_1_25' title='bbox 451 331 603 371; x_wconf 90' lang='lat' dir='ltr'>propter</span> <span class='ocrx_word' id='word_1_26' title='bbox 615 328 773 362; x_wconf 87' lang='lat' dir='ltr'>animum</span> <span class='ocrx_word' id='word_1_27' title='bbox 787 329 893 364; x_wconf 89' lang='lat' dir='ltr'>vehe-</span> <span class='ocrx_word' id='word_1_28' title='bbox 918 330 1048 364; x_wconf 86' lang='lat' dir='ltr'>bendis</span> <span class='ocrx_word' id='word_1_29' title='bbox 1068 330 1224 365; x_wconf 83' lang='lat' dir='ltr'>maxima</span> <span class='ocrx_word' id='word_1_30' title='bbox 1245 341 1334 365; x_wconf 88' lang='lat' dir='ltr'>usus</span> <span class='ocrx_word' id='word_1_31' title='bbox 1359 330 1406 365; x_wconf 82' lang='lat' dir='ltr'>sit</span> <span class='ocrx_word' id='word_1_32' title='bbox 1424 330 1592 376; x_wconf 59' lang='lat' dir='ltr'>diligenti</span> 
     </span>
     <span class='ocr_line' id='line_1_6' title="bbox 192 371 1592 420; baseline 0.005 -15"><span class='ocrx_word' id='word_1_33' title='bbox 192 371 350 406; x_wconf 87' lang='lat' dir='ltr'>mentius</span> <span class='ocrx_word' id='word_1_34' title='bbox 391 372 614 406; x_wconf 87' lang='lat' dir='ltr'>concitatum</span> <span class='ocrx_word' id='word_1_35' title='bbox 659 373 891 418; x_wconf 83' lang='lat' dir='ltr'>reticeantur,</span> <span class='ocrx_word' id='word_1_36' title='bbox 918 375 1014 409; x_wconf 90' lang='lat' dir='ltr'>etad</span> <span class='ocrx_word' id='word_1_37' title='bbox 1029 386 1166 410; x_wconf 89' lang='lat' dir='ltr'>summa</span> <span class='ocrx_word' id='word_1_38' title='bbox 1204 385 1345 420; x_wconf 85' lang='lat' dir='ltr'>uaeque</span> <span class='ocrx_word' id='word_1_39' title='bbox 1357 374 1592 412; x_wconf 63' lang='lat' dir='ltr'>elaboraveri‘</span> 
     </span>
     <span class='ocr_line' id='line_1_7' title="bbox 194 415 1567 495; baseline 0.003 -45"><span class='ocrx_word' id='word_1_40' title='bbox 194 426 300 461; x_wconf 87' lang='lat' dir='ltr'>quae,</span> <span class='ocrx_word' id='word_1_41' title='bbox 319 415 381 450; x_wconf 90' lang='lat' dir='ltr'>ubi</span> <span class='ocrx_word' id='word_1_42' title='bbox 397 417 518 451; x_wconf 90' lang='lat' dir='ltr'>omnia</span> <span class='ocrx_word' id='word_1_43' title='bbox 528 417 767 495; x_wconf 59' lang='lat' dir='ltr'>perpenderis</span> <span class='ocrx_word' id='word_1_44' title='bbox 785 429 891 452; x_wconf 87' lang='lat' dir='ltr'>aecu-</span> <span class='ocrx_word' id='word_1_45' title='bbox 916 422 1037 454; x_wconf 86' lang='lat' dir='ltr'>tamen</span> <span class='ocrx_word' id='word_1_46' title='bbox 1050 430 1126 454; x_wconf 87' lang='lat' dir='ltr'>non</span> <span class='ocrx_word' id='word_1_47' title='bbox 1139 420 1183 454; x_wconf 89' lang='lat' dir='ltr'>de</span> <span class='ocrx_word' id='word_1_48' title='bbox 1203 423 1343 464; x_wconf 79' lang='lat' dir='ltr'>uerunt,</span> <span class='ocrx_word' id='word_1_49' title='bbox 1356 418 1469 465; x_wconf 88' lang='lat' dir='ltr'>quiin</span> <span class='ocrx_word' id='word_1_50' title='bbox 1481 419 1538 454; x_wconf 86' lang='lat' dir='ltr'>his</span> <span class='ocrx_word' id='word_1_51' title='bbox 1563 423 1567 426; x_wconf 59' lang='lat'><strong>⁴</strong></span> 
     </span>
     <span class='ocr_line' id='line_1_8' title="bbox 191 460 1560 508; baseline 0.004 -14"><span class='ocrx_word' id='word_1_52' title='bbox 191 460 453 505; x_wconf 79' lang='lat' dir='ltr'>ratius‚sponte</span> <span class='ocrx_word' id='word_1_53' title='bbox 462 461 535 496; x_wconf 89' lang='lat' dir='ltr'>inte</span> <span class='ocrx_word' id='word_1_54' title='bbox 554 462 619 507; x_wconf 88' lang='lat' dir='ltr'>ligi</span> <span class='ocrx_word' id='word_1_55' title='bbox 628 466 774 507; x_wconf 88' lang='lat' dir='ltr'>queant.</span> <span class='ocrx_word' id='word_1_56' title='bbox 787 462 892 498; x_wconf 85' lang='lat' dir='ltr'>Haec</span> <span class='ocrx_word' id='word_1_57' title='bbox 915 463 1091 498; x_wconf 80' lang='lat' dir='ltr'><strong>tissimum</strong></span> <span class='ocrx_word' id='word_1_58' title='bbox 1114 464 1230 508; x_wconf 87' lang='lat' dir='ltr'>ipsius</span> <span class='ocrx_word' id='word_1_59' title='bbox 1254 463 1476 499; x_wconf 76' lang='lat' dir='ltr'>carminibus</span> <span class='ocrx_word' id='word_1_60' title='bbox 1500 475 1560 499; x_wconf 90' lang='lat' dir='ltr'>mu</span> 
     </span>
     <span class='ocr_line' id='line_1_9' title="bbox 190 504 1592 556; baseline 0.004 -17"><span class='ocrx_word' id='word_1_61' title='bbox 190 504 304 556; x_wconf 76' lang='lat' dir='ltr'>igitur</span> <span class='ocrx_word' id='word_1_62' title='bbox 322 510 360 539; x_wconf 85' lang='lat' dir='ltr'>at</span> <span class='ocrx_word' id='word_1_63' title='bbox 388 517 433 541; x_wconf 87' lang='lat' dir='ltr'>ue</span> <span class='ocrx_word' id='word_1_64' title='bbox 461 506 593 540; x_wconf 84' lang='lat' dir='ltr'><strong>similia</strong></span> <span class='ocrx_word' id='word_1_65' title='bbox 613 506 770 542; x_wconf 82' lang='lat' dir='ltr'>artificia</span> <span class='ocrx_word' id='word_1_66' title='bbox 794 511 888 551; x_wconf 89' lang='lat' dir='ltr'>sunt,</span> <span class='ocrx_word' id='word_1_67' title='bbox 915 508 1226 553; x_wconf 83' lang='lat' dir='ltr'>reprehenderent</span> <span class='ocrx_word' id='word_1_68' title='bbox 1254 513 1292 544; x_wconf 85' lang='lat' dir='ltr'>et</span> <span class='ocrx_word' id='word_1_69' title='bbox 1315 509 1404 543; x_wconf 87' lang='lat' dir='ltr'>casti</span> <span class='ocrx_word' id='word_1_70' title='bbox 1433 514 1540 544; x_wconf 85' lang='lat' dir='ltr'>arent</span> <span class='ocrx_word' id='word_1_71' title='bbox 1560 519 1592 545; x_wconf 67' lang='lat' dir='ltr'>a·-</span> 
     </span>
     <span class='ocr_line' id='line_1_10' title="bbox 192 550 1586 596; baseline 0.004 -13"><span class='ocrx_word' id='word_1_72' title='bbox 192 550 324 594; x_wconf 72' lang='lat' dir='ltr'>quibus</span> <span class='ocrx_word' id='word_1_73' title='bbox 382 551 520 585; x_wconf 85' lang='lat' dir='ltr'>oratius</span> <span class='ocrx_word' id='word_1_74' title='bbox 539 551 576 585; x_wconf 91' lang='lat' dir='ltr'>in</span> <span class='ocrx_word' id='word_1_75' title='bbox 594 556 891 596; x_wconf 83' lang='lat' dir='ltr'>argumentorum</span> <span class='ocrx_word' id='word_1_76' title='bbox 941 563 986 587; x_wconf 89' lang='lat' dir='ltr'>ue</span> <span class='ocrx_word' id='word_1_77' title='bbox 1011 553 1104 587; x_wconf 85' lang='lat' dir='ltr'>adeo</span> <span class='ocrx_word' id='word_1_78' title='bbox 1129 563 1239 588; x_wconf 84' lang='lat' dir='ltr'>verae</span> <span class='ocrx_word' id='word_1_79' title='bbox 1263 554 1352 588; x_wconf 89' lang='lat' dir='ltr'>artis</span> <span class='ocrx_word' id='word_1_80' title='bbox 1373 564 1415 587; x_wconf 87' lang='lat' dir='ltr'>su</span> <span class='ocrx_word' id='word_1_81' title='bbox 1442 553 1586 592; x_wconf 67' lang='lat' dir='ltr'>tilitatm</span> 
     </span>
     <span class='ocr_line' id='line_1_11' title="bbox 188 595 1584 641; baseline 0.003 -13"><span class='ocrx_word' id='word_1_82' title='bbox 188 595 409 630; x_wconf 79' lang='lat' dir='ltr'>tractatione</span> <span class='ocrx_word' id='word_1_83' title='bbox 429 607 516 630; x_wconf 88' lang='lat' dir='ltr'>usus</span> <span class='ocrx_word' id='word_1_84' title='bbox 538 607 619 631; x_wconf 87' lang='lat' dir='ltr'>esse</span> <span class='ocrx_word' id='word_1_85' title='bbox 639 597 828 641; x_wconf 87' lang='lat' dir='ltr'>reperitur,</span> <span class='ocrx_word' id='word_1_86' title='bbox 855 601 892 632; x_wconf 91' lang='lat' dir='ltr'>et</span> <span class='ocrx_word' id='word_1_87' title='bbox 942 597 1177 632; x_wconf 88' lang='lat' dir='ltr'>esiderarent.</span> <span class='ocrx_word' id='word_1_88' title='bbox 1197 597 1426 632; x_wconf 88' lang='lat' dir='ltr'>Censuerunt</span> <span class='ocrx_word' id='word_1_89' title='bbox 1439 598 1534 633; x_wconf 88' lang='lat' dir='ltr'>enim</span> <span class='ocrx_word' id='word_1_90' title='bbox 1546 596 1584 637; x_wconf 71' lang='lat' dir='ltr'>vi:</span> 
     </span>
     <span class='ocr_line' id='line_1_12' title="bbox 190 638 1586 687; baseline 0.004 -15"><span class='ocrx_word' id='word_1_91' title='bbox 190 638 324 684; x_wconf 91' lang='lat' dir='ltr'>quibus</span> <span class='ocrx_word' id='word_1_92' title='bbox 344 640 383 674; x_wconf 91' lang='lat' dir='ltr'>id</span> <span class='ocrx_word' id='word_1_93' title='bbox 403 639 568 675; x_wconf 86' lang='lat' dir='ltr'>effecisse</span> <span class='ocrx_word' id='word_1_94' title='bbox 588 641 806 676; x_wconf 83' lang='lat' dir='ltr'>iudicandus</span> <span class='ocrx_word' id='word_1_95' title='bbox 820 646 888 686; x_wconf 88' lang='lat' dir='ltr'>est,</span> <span class='ocrx_word' id='word_1_96' title='bbox 915 642 1030 686; x_wconf 88' lang='lat' dir='ltr'>docti,</span> <span class='ocrx_word' id='word_1_97' title='bbox 1051 642 1089 676; x_wconf 91' lang='lat' dir='ltr'>in</span> <span class='ocrx_word' id='word_1_98' title='bbox 1106 642 1180 676; x_wconf 89' lang='lat' dir='ltr'>illis</span> <span class='ocrx_word' id='word_1_99' title='bbox 1199 653 1461 687; x_wconf 77' lang='lat' dir='ltr'>saepenumero</span> <span class='ocrx_word' id='word_1_100' title='bbox 1480 642 1586 679; x_wconf 75' lang='lat' dir='ltr'>iustm</span> 
     </span>
     <span class='ocr_line' id='line_1_13' title="bbox 187 685 1586 735; baseline 0.004 -18"><span class='ocrx_word' id='word_1_101' title='bbox 187 687 229 717; x_wconf 89' lang='lat' dir='ltr'>ut</span> <span class='ocrx_word' id='word_1_102' title='bbox 254 685 486 735; x_wconf 86' lang='lat' dir='ltr'>quantumvis</span> <span class='ocrx_word' id='word_1_103' title='bbox 513 686 775 720; x_wconf 86' lang='lat' dir='ltr'>sententiarum</span> <span class='ocrx_word' id='word_1_104' title='bbox 806 697 888 721; x_wconf 88' lang='lat' dir='ltr'>con·</span> <span class='ocrx_word' id='word_1_105' title='bbox 914 687 1176 721; x_wconf 87' lang='lat' dir='ltr'>sententiarum</span> <span class='ocrx_word' id='word_1_106' title='bbox 1201 686 1466 722; x_wconf 86' lang='lat' dir='ltr'>connexionem</span> <span class='ocrx_word' id='word_1_107' title='bbox 1489 685 1586 733; x_wconf 68' lang='lat' dir='ltr'>neg-1⁴</span> 
     </span>
     <span class='ocr_line' id='line_1_14' title="bbox 187 730 1587 776; baseline 0.003 -14"><span class='ocrx_word' id='word_1_108' title='bbox 187 739 295 763; x_wconf 85' lang='lat' dir='ltr'>nexio</span> <span class='ocrx_word' id='word_1_109' title='bbox 311 740 420 774; x_wconf 85' lang='lat' dir='ltr'>saepe</span> <span class='ocrx_word' id='word_1_110' title='bbox 433 730 601 764; x_wconf 71' lang='lat' dir='ltr'>videatur</span> <span class='ocrx_word' id='word_1_111' title='bbox 621 731 737 765; x_wconf 80' lang='lat' dir='ltr'>laxior</span> <span class='ocrx_word' id='word_1_112' title='bbox 750 742 832 766; x_wconf 88' lang='lat' dir='ltr'>esse</span> <span class='ocrx_word' id='word_1_113' title='bbox 846 742 889 766; x_wconf 86' lang='lat' dir='ltr'>ac</span> <span class='ocrx_word' id='word_1_114' title='bbox 914 735 1008 765; x_wconf 89' lang='lat' dir='ltr'>ctam</span> <span class='ocrx_word' id='word_1_115' title='bbox 1023 742 1116 775; x_wconf 86' lang='lat' dir='ltr'>esse,</span> <span class='ocrx_word' id='word_1_116' title='bbox 1125 743 1199 766; x_wconf 83' lang='lat' dir='ltr'>non</span> <span class='ocrx_word' id='word_1_117' title='bbox 1212 742 1295 766; x_wconf 88' lang='lat' dir='ltr'>raro</span> <span class='ocrx_word' id='word_1_118' title='bbox 1308 731 1450 766; x_wconf 81' lang='lat' dir='ltr'>intrusa</span> <span class='ocrx_word' id='word_1_119' title='bbox 1461 731 1587 776; x_wconf 67' lang='lat' dir='ltr'>reperi·</span> 
     </span>
     <span class='ocr_line' id='line_1_15' title="bbox 189 773 1587 822; baseline 0.002 -15"><span class='ocrx_word' id='word_1_120' title='bbox 189 773 357 817; x_wconf 83' lang='lat' dir='ltr'>solutior,</span> <span class='ocrx_word' id='word_1_121' title='bbox 371 779 494 808; x_wconf 89' lang='lat' dir='ltr'>tamen</span> <span class='ocrx_word' id='word_1_122' title='bbox 509 775 626 809; x_wconf 90' lang='lat' dir='ltr'>omnis</span> <span class='ocrx_word' id='word_1_123' title='bbox 641 786 766 810; x_wconf 91' lang='lat' dir='ltr'>earum</span> <span class='ocrx_word' id='word_1_124' title='bbox 780 787 888 820; x_wconf 86' lang='lat' dir='ltr'>expo-</span> <span class='ocrx_word' id='word_1_125' title='bbox 912 775 1040 820; x_wconf 88' lang='lat' dir='ltr'>inepta</span> <span class='ocrx_word' id='word_1_126' title='bbox 1063 787 1106 811; x_wconf 86' lang='lat' dir='ltr'>ac</span> <span class='ocrx_word' id='word_1_127' title='bbox 1132 787 1427 821; x_wconf 82' lang='lat' dir='ltr'>supervacanea,</span> <span class='ocrx_word' id='word_1_128' title='bbox 1453 775 1587 822; x_wconf 73' lang='lat' dir='ltr'>deniqu</span> 
     </span>
     <span class='ocr_line' id='line_1_16' title="bbox 189 817 1541 873; baseline 0.003 -22"><span class='ocrx_word' id='word_1_129' title='bbox 189 817 272 852; x_wconf 89' lang='lat' dir='ltr'>sitio</span> <span class='ocrx_word' id='word_1_130' title='bbox 287 818 442 853; x_wconf 82' lang='lat' dir='ltr'>maxima</span> <span class='ocrx_word' id='word_1_131' title='bbox 450 830 531 853; x_wconf 92' lang='lat' dir='ltr'>cum</span> <span class='ocrx_word' id='word_1_132' title='bbox 546 820 710 854; x_wconf 86' lang='lat' dir='ltr'>sollertia</span> <span class='ocrx_word' id='word_1_133' title='bbox 722 820 890 856; x_wconf 86' lang='lat' dir='ltr'>instituta</span> <span class='ocrx_word' id='word_1_134' title='bbox 914 831 1055 855; x_wconf 91' lang='lat' dir='ltr'>omnem</span> <span class='ocrx_word' id='word_1_135' title='bbox 1069 831 1193 855; x_wconf 89' lang='lat' dir='ltr'>eorum</span> <span class='ocrx_word' id='word_1_136' title='bbox 1208 821 1490 873; x_wconf 79' lang='lat' dir='ltr'>descriptionem</span> <span class='ocrx_word' id='word_1_137' title='bbox 1503 824 1541 855; x_wconf 87' lang='lat' dir='ltr'>at</span> 
     </span>
     <span class='ocr_line' id='line_1_17' title="bbox 187 863 1586 911; baseline 0.001 -15"><span class='ocrx_word' id='word_1_138' title='bbox 187 873 269 897; x_wconf 88' lang='lat' dir='ltr'>esse</span> <span class='ocrx_word' id='word_1_139' title='bbox 293 863 492 898; x_wconf 88' lang='lat' dir='ltr'>iudicanda</span> <span class='ocrx_word' id='word_1_140' title='bbox 517 865 574 898; x_wconf 86' lang='lat' dir='ltr'>sit.</span> <span class='ocrx_word' id='word_1_141' title='bbox 614 865 810 900; x_wconf 87' lang='lat' dir='ltr'>Enimvero</span> <span class='ocrx_word' id='word_1_142' title='bbox 826 866 888 899; x_wconf 94' lang='lat' dir='ltr'>du-</span> <span class='ocrx_word' id='word_1_143' title='bbox 914 865 1536 911; x_wconf 86' lang='lat' dir='ltr'>compositionemmagnislaborare</span> <span class='ocrx_word' id='word_1_144' title='bbox 1571 865 1586 897; x_wconf 60' lang='grc' dir='ltr'>ἰ</span> 
     </span>
     <span class='ocr_line' id='line_1_18' title="bbox 187 907 1583 956; baseline 0.001 -14"><span class='ocrx_word' id='word_1_145' title='bbox 187 907 286 942; x_wconf 88' lang='lat' dir='ltr'>bium</span> <span class='ocrx_word' id='word_1_146' title='bbox 307 912 405 943; x_wconf 89' lang='lat' dir='ltr'>certe</span> <span class='ocrx_word' id='word_1_147' title='bbox 424 919 499 943; x_wconf 90' lang='lat' dir='ltr'>non</span> <span class='ocrx_word' id='word_1_148' title='bbox 519 914 586 952; x_wconf 85' lang='lat' dir='ltr'>cst,</span> <span class='ocrx_word' id='word_1_149' title='bbox 613 910 701 954; x_wconf 89' lang='lat' dir='ltr'>quin</span> <span class='ocrx_word' id='word_1_150' title='bbox 720 915 833 954; x_wconf 86' lang='lat' dir='ltr'>poeta</span> <span class='ocrx_word' id='word_1_151' title='bbox 851 910 888 944; x_wconf 92' lang='lat' dir='ltr'>in</span> <span class='ocrx_word' id='word_1_152' title='bbox 912 908 1140 944; x_wconf 82' lang='lat' dir='ltr'>ficultatibus</span> <span class='ocrx_word' id='word_1_153' title='bbox 1164 921 1285 956; x_wconf 91' lang='lat' dir='ltr'>neque</span> <span class='ocrx_word' id='word_1_154' title='bbox 1310 914 1388 944; x_wconf 85' lang='lat' dir='ltr'>arte</span> <span class='ocrx_word' id='word_1_155' title='bbox 1414 920 1498 944; x_wconf 85' lang='lat' dir='ltr'>vere</span> <span class='ocrx_word' id='word_1_156' title='bbox 1523 921 1583 954; x_wconf 72' lang='lat' dir='ltr'>po(</span> 
     </span>
     <span class='ocr_line' id='line_1_19' title="bbox 186 951 1584 1004; baseline 0.001 -18"><span class='ocrx_word' id='word_1_157' title='bbox 186 951 257 986; x_wconf 85' lang='lat' dir='ltr'>hac</span> <span class='ocrx_word' id='word_1_158' title='bbox 281 963 428 1004; x_wconf 88' lang='lat' dir='ltr'>quoque</span> <span class='ocrx_word' id='word_1_159' title='bbox 453 965 493 988; x_wconf 91' lang='lat' dir='ltr'>re</span> <span class='ocrx_word' id='word_1_160' title='bbox 509 953 736 989; x_wconf 81' lang='lat' dir='ltr'>Graecorum</span> <span class='ocrx_word' id='word_1_161' title='bbox 755 955 890 999; x_wconf 86' lang='lat' dir='ltr'>lyrico-</span> <span class='ocrx_word' id='word_1_162' title='bbox 913 954 986 988; x_wconf 88' lang='lat' dir='ltr'>tica</span> <span class='ocrx_word' id='word_1_163' title='bbox 995 954 1130 989; x_wconf 84' lang='lat' dir='ltr'>factam</span> <span class='ocrx_word' id='word_1_164' title='bbox 1141 966 1233 990; x_wconf 89' lang='lat' dir='ltr'>esse.</span> <span class='ocrx_word' id='word_1_165' title='bbox 1252 954 1584 989; x_wconf 69' lang='lat' dir='ltr'>ItaHenr.Homius</span> 
     </span>
     <span class='ocr_line' id='line_1_20' title="bbox 185 997 1592 1043; baseline 0.002 -13"><span class='ocrx_word' id='word_1_166' title='bbox 185 1008 264 1030; x_wconf 90' lang='lat' dir='ltr'>rum</span> <span class='ocrx_word' id='word_1_167' title='bbox 282 997 521 1043; x_wconf 80' lang='lat' dir='ltr'>inprimisque</span> <span class='ocrx_word' id='word_1_168' title='bbox 536 999 684 1033; x_wconf 87' lang='lat' dir='ltr'>Pindari</span> <span class='ocrx_word' id='word_1_169' title='bbox 703 1004 819 1034; x_wconf 85' lang='lat' dir='ltr'>artem</span> <span class='ocrx_word' id='word_1_170' title='bbox 832 1011 887 1034; x_wconf 83' lang='lat' dir='ltr'>ra·</span> <span class='ocrx_word' id='word_1_171' title='bbox 912 1002 1058 1043; x_wconf 88' lang='lat' dir='ltr'>poetam</span> <span class='ocrx_word' id='word_1_172' title='bbox 1077 1000 1180 1034; x_wconf 85' lang='lat' dir='ltr'>nulla</span> <span class='ocrx_word' id='word_1_173' title='bbox 1197 999 1271 1034; x_wconf 84' lang='lat' dir='ltr'>alia</span> <span class='ocrx_word' id='word_1_174' title='bbox 1288 1010 1327 1034; x_wconf 91' lang='lat' dir='ltr'>re</span> <span class='ocrx_word' id='word_1_175' title='bbox 1346 999 1463 1043; x_wconf 85' lang='lat' dir='ltr'>magis</span> <span class='ocrx_word' id='word_1_176' title='bbox 1482 1009 1592 1043; x_wconf 71' lang='lat' dir='ltr'>peom-</span> 
     </span>
     <span class='ocr_line' id='line_1_21' title="bbox 184 1041 1583 1094; baseline 0.001 -19"><span class='ocrx_word' id='word_1_177' title='bbox 184 1041 396 1094; x_wconf 84' lang='lat' dir='ltr'>tionemque</span> <span class='ocrx_word' id='word_1_178' title='bbox 409 1043 462 1077; x_wconf 87' lang='lat' dir='ltr'>ita</span> <span class='ocrx_word' id='word_1_179' title='bbox 475 1043 523 1077; x_wconf 84' lang='lat' dir='ltr'>sit</span> <span class='ocrx_word' id='word_1_180' title='bbox 536 1044 752 1088; x_wconf 82' lang='lat' dir='ltr'>aemulatus,</span> <span class='ocrx_word' id='word_1_181' title='bbox 766 1048 808 1078; x_wconf 89' lang='lat' dir='ltr'>ut</span> <span class='ocrx_word' id='word_1_182' title='bbox 820 1055 888 1079; x_wconf 88' lang='lat' dir='ltr'>nec</span> <span class='ocrx_word' id='word_1_183' title='bbox 913 1044 1008 1078; x_wconf 82' lang='lat' dir='ltr'>visse</span> <span class='ocrx_word' id='word_1_184' title='bbox 1028 1043 1245 1088; x_wconf 82' lang='lat' dir='ltr'>arbitratur,</span> <span class='ocrx_word' id='word_1_185' title='bbox 1272 1055 1380 1089; x_wconf 85' lang='lat' dir='ltr'>quam</span> <span class='ocrx_word' id='word_1_186' title='bbox 1401 1043 1518 1077; x_wconf 88' lang='lat' dir='ltr'>iustae</span> <span class='ocrx_word' id='word_1_187' title='bbox 1533 1053 1583 1078; x_wconf 79' lang='lat' dir='ltr'>sei</span> 
     </span>
     <span class='ocr_line' id='line_1_22' title="bbox 183 1087 1584 1134; baseline 0.002 -14"><span class='ocrx_word' id='word_1_188' title='bbox 183 1087 324 1131; x_wconf 89' lang='lat' dir='ltr'>proprii</span> <span class='ocrx_word' id='word_1_189' title='bbox 335 1087 474 1133; x_wconf 88' lang='lat' dir='ltr'>ingenii</span> <span class='ocrx_word' id='word_1_190' title='bbox 488 1088 584 1123; x_wconf 87' lang='lat' dir='ltr'>vires</span> <span class='ocrx_word' id='word_1_191' title='bbox 604 1089 760 1134; x_wconf 85' lang='lat' dir='ltr'>experiri</span> <span class='ocrx_word' id='word_1_192' title='bbox 777 1089 887 1124; x_wconf 87' lang='lat' dir='ltr'>inter-</span> <span class='ocrx_word' id='word_1_193' title='bbox 911 1088 1108 1123; x_wconf 86' lang='lat' dir='ltr'>tentiarum</span> <span class='ocrx_word' id='word_1_194' title='bbox 1129 1088 1396 1123; x_wconf 86' lang='lat' dir='ltr'>coniunctionis</span> <span class='ocrx_word' id='word_1_195' title='bbox 1420 1087 1584 1123; x_wconf 81' lang='lat' dir='ltr'>temerari</span> 
     </span>
     <span class='ocr_line' id='line_1_23' title="bbox 184 1131 1583 1178; baseline 0.001 -13"><span class='ocrx_word' id='word_1_196' title='bbox 184 1131 332 1166; x_wconf 87' lang='lat' dir='ltr'>miserit.</span> <span class='ocrx_word' id='word_1_197' title='bbox 911 1133 1475 1178; x_wconf 83' lang='lat' dir='ltr'>neglectione.Ier.Marklandus</span> <span class='ocrx_word' id='word_1_198' title='bbox 1483 1143 1583 1177; x_wconf 87' lang='lat' dir='ltr'>porr(</span> 
     </span>
     <span class='ocr_line' id='line_1_24' title="bbox 230 1175 1583 1222; baseline 0.001 -12"><span class='ocrx_word' id='word_1_199' title='bbox 230 1175 303 1210; x_wconf 86' lang='lat' dir='ltr'>Sed</span> <span class='ocrx_word' id='word_1_200' title='bbox 318 1177 406 1211; x_wconf 87' lang='lat' dir='ltr'>satis</span> <span class='ocrx_word' id='word_1_201' title='bbox 415 1178 508 1212; x_wconf 89' lang='lat' dir='ltr'>haec</span> <span class='ocrx_word' id='word_1_202' title='bbox 515 1190 580 1222; x_wconf 88' lang='lat' dir='ltr'>pro</span> <span class='ocrx_word' id='word_1_203' title='bbox 591 1178 745 1213; x_wconf 90' lang='lat' dir='ltr'>consilio</span> <span class='ocrx_word' id='word_1_204' title='bbox 757 1182 886 1213; x_wconf 89' lang='lat' dir='ltr'>nostro</span> <span class='ocrx_word' id='word_1_205' title='bbox 911 1181 1051 1212; x_wconf 82' lang='lat' dir='ltr'>tantam</span> <span class='ocrx_word' id='word_1_206' title='bbox 1071 1178 1199 1212; x_wconf 86' lang='lat' dir='ltr'>scribit</span> <span class='ocrx_word' id='word_1_207' title='bbox 1216 1188 1298 1212; x_wconf 89' lang='lat' dir='ltr'>esse</span> <span class='ocrx_word' id='word_1_208' title='bbox 1316 1177 1461 1212; x_wconf 87' lang='lat' dir='ltr'>Horatii</span> <span class='ocrx_word' id='word_1_209' title='bbox 1482 1177 1583 1212; x_wconf 61' lang='lat' dir='ltr'>obses</span> 
     </span>
     <span class='ocr_line' id='line_1_25' title="bbox 185 1220 1585 1268; baseline -0.001 -14"><span class='ocrx_word' id='word_1_210' title='bbox 185 1220 229 1254; x_wconf 89' lang='lat' dir='ltr'>de</span> <span class='ocrx_word' id='word_1_211' title='bbox 244 1220 397 1256; x_wconf 85' lang='lat' dir='ltr'>artificio</span> <span class='ocrx_word' id='word_1_212' title='bbox 413 1226 451 1256; x_wconf 87' lang='lat' dir='ltr'>et</span> <span class='ocrx_word' id='word_1_213' title='bbox 462 1222 602 1267; x_wconf 88' lang='lat' dir='ltr'>ingenii</span> <span class='ocrx_word' id='word_1_214' title='bbox 616 1223 791 1267; x_wconf 86' lang='lat' dir='ltr'>sollertia,</span> <span class='ocrx_word' id='word_1_215' title='bbox 813 1235 885 1268; x_wconf 91' lang='lat' dir='ltr'>quo</span> <span class='ocrx_word' id='word_1_216' title='bbox 911 1223 1067 1266; x_wconf 90' lang='lat' dir='ltr'>ritatem,</span> <span class='ocrx_word' id='word_1_217' title='bbox 1075 1226 1116 1256; x_wconf 88' lang='lat' dir='ltr'>ut</span> <span class='ocrx_word' id='word_1_218' title='bbox 1127 1222 1186 1256; x_wconf 86' lang='lat' dir='ltr'>vix</span> <span class='ocrx_word' id='word_1_219' title='bbox 1199 1233 1310 1256; x_wconf 89' lang='lat' dir='ltr'>unum</span> <span class='ocrx_word' id='word_1_220' title='bbox 1321 1222 1522 1256; x_wconf 86' lang='lat' dir='ltr'>alterumve</span> <span class='ocrx_word' id='word_1_221' title='bbox 1537 1231 1585 1257; x_wconf 57' lang='lat' dir='ltr'>can</span> 
     </span>
     <span class='ocr_line' id='line_1_26' title="bbox 184 1265 1583 1311; baseline 0.001 -13"><span class='ocrx_word' id='word_1_222' title='bbox 184 1265 360 1300; x_wconf 87' lang='lat' dir='ltr'>Horatius</span> <span class='ocrx_word' id='word_1_223' title='bbox 379 1266 418 1301; x_wconf 92' lang='lat' dir='ltr'>in</span> <span class='ocrx_word' id='word_1_224' title='bbox 437 1268 640 1302; x_wconf 85' lang='lat' dir='ltr'>condendis</span> <span class='ocrx_word' id='word_1_225' title='bbox 666 1268 886 1302; x_wconf 87' lang='lat' dir='ltr'>carminibus</span> <span class='ocrx_word' id='word_1_226' title='bbox 911 1278 992 1301; x_wconf 90' lang='lat' dir='ltr'>men</span> <span class='ocrx_word' id='word_1_227' title='bbox 1004 1267 1115 1311; x_wconf 80' lang='lat' dir='ltr'>plane</span> <span class='ocrx_word' id='word_1_228' title='bbox 1130 1267 1199 1301; x_wconf 86' lang='lat' dir='ltr'>sibi</span> <span class='ocrx_word' id='word_1_229' title='bbox 1212 1267 1439 1302; x_wconf 87' lang='lat' dir='ltr'>intellectum</span> <span class='ocrx_word' id='word_1_230' title='bbox 1452 1266 1509 1300; x_wconf 88' lang='lat' dir='ltr'>sit.</span> <span class='ocrx_word' id='word_1_231' title='bbox 1528 1266 1583 1308; x_wconf 83' lang='lat' dir='ltr'>Qu</span> 
     </span>
     <span class='ocr_line' id='line_1_27' title="bbox 183 1309 1580 1358; baseline 0.002 -15"><span class='ocrx_word' id='word_1_232' title='bbox 183 1309 308 1354; x_wconf 81' lang='lat' dir='ltr'>lyricis</span> <span class='ocrx_word' id='word_1_233' title='bbox 327 1321 415 1345; x_wconf 90' lang='lat' dir='ltr'>usus</span> <span class='ocrx_word' id='word_1_234' title='bbox 442 1315 508 1346; x_wconf 90' lang='lat' dir='ltr'>est.</span> <span class='ocrx_word' id='word_1_235' title='bbox 545 1313 685 1353; x_wconf 82' lang='lat' dir='ltr'>Quibus</span> <span class='ocrx_word' id='word_1_236' title='bbox 711 1313 886 1358; x_wconf 86' lang='lat' dir='ltr'>expositis</span> <span class='ocrx_word' id='word_1_237' title='bbox 911 1312 1064 1346; x_wconf 89' lang='lat' dir='ltr'>buscum</span> <span class='ocrx_word' id='word_1_238' title='bbox 1093 1311 1278 1346; x_wconf 87' lang='lat' dir='ltr'>consentit</span> <span class='ocrx_word' id='word_1_239' title='bbox 1310 1311 1421 1346; x_wconf 86' lang='lat' dir='ltr'>etiam</span> <span class='ocrx_word' id='word_1_240' title='bbox 1450 1310 1580 1346; x_wconf 81' lang='lat' dir='ltr'>Mauso</span> 
     </span>
     <span class='ocr_line' id='line_1_28' title="bbox 184 1355 1583 1402; baseline 0.001 -14"><span class='ocrx_word' id='word_1_241' title='bbox 184 1359 313 1399; x_wconf 88' lang='lat' dir='ltr'>sponte</span> <span class='ocrx_word' id='word_1_242' title='bbox 327 1355 565 1401; x_wconf 80' lang='lat' dir='ltr'>intelligetur,</span> <span class='ocrx_word' id='word_1_243' title='bbox 588 1357 722 1402; x_wconf 89' lang='lat' dir='ltr'>quibus</span> <span class='ocrx_word' id='word_1_244' title='bbox 737 1358 885 1392; x_wconf 89' lang='lat' dir='ltr'>dotibus</span> <span class='ocrx_word' id='word_1_245' title='bbox 912 1356 973 1401; x_wconf 92' lang='lat' dir='ltr'>qui</span> <span class='ocrx_word' id='word_1_246' title='bbox 993 1357 1052 1391; x_wconf 90' lang='lat' dir='ltr'>vel</span> <span class='ocrx_word' id='word_1_247' title='bbox 1070 1356 1108 1390; x_wconf 89' lang='lat' dir='ltr'>in</span> <span class='ocrx_word' id='word_1_248' title='bbox 1125 1355 1450 1401; x_wconf 84' lang='lat' dir='ltr'>praestantissimis</span> <span class='ocrx_word' id='word_1_249' title='bbox 1463 1355 1583 1390; x_wconf 76' lang='lat' dir='ltr'>Horat</span> 
     </span>
     <span class='ocr_line' id='line_1_29' title="bbox 182 1399 1582 1447; baseline 0.002 -14"><span class='ocrx_word' id='word_1_250' title='bbox 182 1410 226 1434; x_wconf 86' lang='lat' dir='ltr'>ac</span> <span class='ocrx_word' id='word_1_251' title='bbox 245 1399 441 1435; x_wconf 83' lang='lat' dir='ltr'>virtutibus</span> <span class='ocrx_word' id='word_1_252' title='bbox 455 1401 670 1447; x_wconf 85' lang='lat' dir='ltr'>eainsignia</span> <span class='ocrx_word' id='word_1_253' title='bbox 690 1402 771 1436; x_wconf 87' lang='lat' dir='ltr'>sint.</span> <span class='ocrx_word' id='word_1_254' title='bbox 808 1403 886 1437; x_wconf 87' lang='lat' dir='ltr'>Nec</span> <span class='ocrx_word' id='word_1_255' title='bbox 911 1401 990 1434; x_wconf 90' lang='lat' dir='ltr'>odis</span> <span class='ocrx_word' id='word_1_256' title='bbox 1015 1412 1147 1435; x_wconf 85' lang='lat' dir='ltr'>nexum</span> <span class='ocrx_word' id='word_1_257' title='bbox 1172 1405 1209 1435; x_wconf 91' lang='lat' dir='ltr'>et</span> <span class='ocrx_word' id='word_1_258' title='bbox 1233 1399 1506 1435; x_wconf 87' lang='lat' dir='ltr'>cohaerentiam</span> <span class='ocrx_word' id='word_1_259' title='bbox 1531 1410 1582 1436; x_wconf 80' lang='lat' dir='ltr'>sei</span> 
     </span>
     <span class='ocr_line' id='line_1_30' title="bbox 182 1444 1582 1490; baseline 0.001 -12"><span class='ocrx_word' id='word_1_260' title='bbox 182 1455 268 1478; x_wconf 83' lang='lat' dir='ltr'>vero</span> <span class='ocrx_word' id='word_1_261' title='bbox 294 1445 444 1479; x_wconf 90' lang='lat' dir='ltr'>dubium</span> <span class='ocrx_word' id='word_1_262' title='bbox 466 1450 520 1480; x_wconf 87' lang='lat' dir='ltr'>est</span> <span class='ocrx_word' id='word_1_263' title='bbox 545 1446 663 1490; x_wconf 86' lang='lat' dir='ltr'>ipsum</span> <span class='ocrx_word' id='word_1_264' title='bbox 709 1451 829 1481; x_wconf 88' lang='lat' dir='ltr'>oetam</span> <span class='ocrx_word' id='word_1_265' title='bbox 847 1447 885 1480; x_wconf 91' lang='lat' dir='ltr'>in</span> <span class='ocrx_word' id='word_1_266' title='bbox 909 1446 1103 1480; x_wconf 85' lang='lat' dir='ltr'>tentiarum</span> <span class='ocrx_word' id='word_1_267' title='bbox 1123 1445 1270 1490; x_wconf 87' lang='lat' dir='ltr'>saepius</span> <span class='ocrx_word' id='word_1_268' title='bbox 1295 1444 1498 1479; x_wconf 86' lang='lat' dir='ltr'>desiderari</span> <span class='ocrx_word' id='word_1_269' title='bbox 1515 1445 1582 1480; x_wconf 90' lang='lat' dir='ltr'>arb</span> 
     </span>
     <span class='ocr_line' id='line_1_31' title="bbox 180 1488 1582 1535; baseline 0.001 -13"><span class='ocrx_word' id='word_1_270' title='bbox 180 1488 254 1522; x_wconf 90' lang='lat' dir='ltr'>illis</span> <span class='ocrx_word' id='word_1_271' title='bbox 268 1490 474 1535; x_wconf 86' lang='lat' dir='ltr'>pangendis</span> <span class='ocrx_word' id='word_1_272' title='bbox 489 1491 587 1524; x_wconf 90' lang='lat' dir='ltr'>omni</span> <span class='ocrx_word' id='word_1_273' title='bbox 605 1495 662 1525; x_wconf 91' lang='lat' dir='ltr'>stu</span> <span class='ocrx_word' id='word_1_274' title='bbox 692 1491 726 1526; x_wconf 90' lang='lat' dir='ltr'>io</span> <span class='ocrx_word' id='word_1_275' title='bbox 746 1492 794 1526; x_wconf 89' lang='lat' dir='ltr'>ad</span> <span class='ocrx_word' id='word_1_276' title='bbox 812 1502 884 1526; x_wconf 86' lang='lat' dir='ltr'>ma-</span> <span class='ocrx_word' id='word_1_277' title='bbox 909 1494 1034 1524; x_wconf 87' lang='lat' dir='ltr'>tratur.</span> <span class='ocrx_word' id='word_1_278' title='bbox 1061 1490 1138 1525; x_wconf 87' lang='lat' dir='ltr'>Nec</span> <span class='ocrx_word' id='word_1_279' title='bbox 1150 1489 1582 1524; x_wconf 79' lang='lat' dir='ltr'>veroaliteriudicaverm</span> 
     </span>
     <span class='ocr_line' id='line_1_32' title="bbox 181 1533 1582 1579; baseline 0.001 -12"><span class='ocrx_word' id='word_1_280' title='bbox 181 1533 298 1568; x_wconf 81' lang='lat' dir='ltr'>ximae</span> <span class='ocrx_word' id='word_1_281' title='bbox 322 1534 561 1578; x_wconf 78' lang='lat' dir='ltr'>perfeetionis</span> <span class='ocrx_word' id='word_1_282' title='bbox 581 1536 727 1570; x_wconf 86' lang='lat' dir='ltr'>laudem</span> <span class='ocrx_word' id='word_1_283' title='bbox 746 1536 883 1571; x_wconf 89' lang='lat' dir='ltr'>elucta-</span> <span class='ocrx_word' id='word_1_284' title='bbox 910 1534 972 1579; x_wconf 88' lang='lat' dir='ltr'>qui</span> <span class='ocrx_word' id='word_1_285' title='bbox 1002 1545 1120 1578; x_wconf 89' lang='lat' dir='ltr'>nuper</span> <span class='ocrx_word' id='word_1_286' title='bbox 1148 1534 1186 1568; x_wconf 90' lang='lat' dir='ltr'>in</span> <span class='ocrx_word' id='word_1_287' title='bbox 1217 1534 1440 1568; x_wconf 81' lang='lat' dir='ltr'>carminibus</span> <span class='ocrx_word' id='word_1_288' title='bbox 1466 1534 1582 1570; x_wconf 84' lang='lat' dir='ltr'>Horat</span> 
     </span>
     <span class='ocr_line' id='line_1_33' title="bbox 180 1578 1581 1623; baseline 0 -11"><span class='ocrx_word' id='word_1_289' title='bbox 180 1581 257 1612; x_wconf 89' lang='lat' dir='ltr'>tuin</span> <span class='ocrx_word' id='word_1_290' title='bbox 275 1589 368 1613; x_wconf 89' lang='lat' dir='ltr'>esse.</span> <span class='ocrx_word' id='word_1_291' title='bbox 394 1579 640 1620; x_wconf 81' lang='lat' dir='ltr'>Quamobrem</span> <span class='ocrx_word' id='word_1_292' title='bbox 660 1581 769 1615; x_wconf 89' lang='lat' dir='ltr'>etiam</span> <span class='ocrx_word' id='word_1_293' title='bbox 782 1581 883 1615; x_wconf 89' lang='lat' dir='ltr'>iden·</span> <span class='ocrx_word' id='word_1_294' title='bbox 908 1578 1351 1623; x_wconf 86' lang='lat' dir='ltr'>turpesinterpolationes</span> <span class='ocrx_word' id='word_1_295' title='bbox 1365 1578 1436 1612; x_wconf 87' lang='lat' dir='ltr'>sibi</span> <span class='ocrx_word' id='word_1_296' title='bbox 1444 1578 1512 1612; x_wconf 85' lang='lat' dir='ltr'>visi</span> <span class='ocrx_word' id='word_1_297' title='bbox 1526 1590 1581 1613; x_wconf 83' lang='lat' dir='ltr'>sui</span> 
     </span>
     <span class='ocr_line' id='line_1_34' title="bbox 179 1621 1581 1677; baseline 0 -20"><span class='ocrx_word' id='word_1_298' title='bbox 179 1621 292 1658; x_wconf 84' lang='lat' dir='ltr'>tidem</span> <span class='ocrx_word' id='word_1_299' title='bbox 310 1635 493 1668; x_wconf 86' lang='lat' dir='ltr'>generosa</span> <span class='ocrx_word' id='word_1_300' title='bbox 512 1636 592 1658; x_wconf 89' lang='lat' dir='ltr'>cum</span> <span class='ocrx_word' id='word_1_301' title='bbox 614 1626 788 1677; x_wconf 85' lang='lat' dir='ltr'>superbia</span> <span class='ocrx_word' id='word_1_302' title='bbox 802 1636 882 1659; x_wconf 86' lang='lat' dir='ltr'>sese</span> <span class='ocrx_word' id='word_1_303' title='bbox 907 1622 1101 1668; x_wconf 86' lang='lat' dir='ltr'>reperisse,</span> <span class='ocrx_word' id='word_1_304' title='bbox 1129 1623 1262 1669; x_wconf 85' lang='lat' dir='ltr'>quibus</span> <span class='ocrx_word' id='word_1_305' title='bbox 1287 1622 1443 1658; x_wconf 79' lang='lat' dir='ltr'>sublatis</span> <span class='ocrx_word' id='word_1_306' title='bbox 1465 1623 1581 1658; x_wconf 85' lang='lat' dir='ltr'>demui</span> 
     </span>
     <span class='ocr_line' id='line_1_35' title="bbox 206 1667 1580 1712; baseline 0.001 -12"><span class='ocrx_word' id='word_1_307' title='bbox 206 1667 359 1702; x_wconf 84' lang='lat' dir='ltr'>loriatur</span> <span class='ocrx_word' id='word_1_308' title='bbox 376 1668 449 1702; x_wconf 91' lang='lat' dir='ltr'>illis</span> <span class='ocrx_word' id='word_1_309' title='bbox 468 1669 550 1703; x_wconf 88' lang='lat' dir='ltr'>unis</span> <span class='ocrx_word' id='word_1_310' title='bbox 570 1681 723 1704; x_wconf 83' lang='lat' dir='ltr'>maxime</span> <span class='ocrx_word' id='word_1_311' title='bbox 743 1670 815 1704; x_wconf 94' lang='lat' dir='ltr'>hoc</span> <span class='ocrx_word' id='word_1_312' title='bbox 833 1670 883 1703; x_wconf 85' lang='lat' dir='ltr'>vi—</span> <span class='ocrx_word' id='word_1_313' title='bbox 908 1668 941 1702; x_wconf 86' lang='lat' dir='ltr'>ei</span> <span class='ocrx_word' id='word_1_314' title='bbox 967 1672 1189 1702; x_wconf 89' lang='lat' dir='ltr'>censuerunt</span> <span class='ocrx_word' id='word_1_315' title='bbox 1211 1668 1391 1712; x_wconf 86' lang='lat' dir='ltr'>integram</span> <span class='ocrx_word' id='word_1_316' title='bbox 1411 1671 1449 1702; x_wconf 84' lang='lat' dir='ltr'>et</span> <span class='ocrx_word' id='word_1_317' title='bbox 1467 1667 1580 1702; x_wconf 85' lang='lat' dir='ltr'>intam</span> 
     </span>
     <span class='ocr_line' id='line_1_36' title="bbox 180 1678 1580 1758; baseline 0 -12"><span class='ocrx_word' id='word_1_318' title='bbox 180 1678 258 1747; x_wconf 56' lang='lat' dir='ltr'>{eri</span> <span class='ocrx_word' id='word_1_319' title='bbox 284 1718 552 1758; x_wconf 85' lang='lat' dir='ltr'>consequutum</span> <span class='ocrx_word' id='word_1_320' title='bbox 579 1725 678 1758; x_wconf 84' lang='lat' dir='ltr'>esse,</span> <span class='ocrx_word' id='word_1_321' title='bbox 715 1719 755 1749; x_wconf 93' lang='lat' dir='ltr'>ut</span> <span class='ocrx_word' id='word_1_322' title='bbox 784 1715 882 1758; x_wconf 86' lang='lat' dir='ltr'>apud</span> <span class='ocrx_word' id='word_1_323' title='bbox 907 1716 1028 1746; x_wconf 87' lang='lat' dir='ltr'>natam</span> <span class='ocrx_word' id='word_1_324' title='bbox 1043 1713 1187 1747; x_wconf 89' lang='lat' dir='ltr'>laudem</span> <span class='ocrx_word' id='word_1_325' title='bbox 1199 1713 1383 1757; x_wconf 89' lang='lat' dir='ltr'>poeticam</span> <span class='ocrx_word' id='word_1_326' title='bbox 1401 1712 1580 1747; x_wconf 82' lang='lat' dir='ltr'>restitutui</span> 
     </span>
     <span class='ocr_line' id='line_1_37' title="bbox 180 1757 1580 1803; baseline 0 -13"><span class='ocrx_word' id='word_1_327' title='bbox 180 1767 323 1791; x_wconf 89' lang='lat' dir='ltr'>omnem</span> <span class='ocrx_word' id='word_1_328' title='bbox 362 1759 618 1802; x_wconf 86' lang='lat' dir='ltr'>posteritatem</span> <span class='ocrx_word' id='word_1_329' title='bbox 661 1759 883 1803; x_wconf 85' lang='lat' dir='ltr'>sempiterna</span> <span class='ocrx_word' id='word_1_330' title='bbox 907 1757 960 1790; x_wconf 87' lang='lat' dir='ltr'>iri.</span> <span class='ocrx_word' id='word_1_331' title='bbox 991 1758 1093 1791; x_wconf 89' lang='lat' dir='ltr'>Inter</span> <span class='ocrx_word' id='word_1_332' title='bbox 1111 1768 1204 1802; x_wconf 90' lang='lat' dir='ltr'>quos</span> <span class='ocrx_word' id='word_1_333' title='bbox 1217 1757 1352 1801; x_wconf 80' lang='lat' dir='ltr'>primas</span> <span class='ocrx_word' id='word_1_334' title='bbox 1369 1761 1494 1802; x_wconf 86' lang='lat' dir='ltr'>partes</span> <span class='ocrx_word' id='word_1_335' title='bbox 1507 1761 1580 1792; x_wconf 70' lang='lat' dir='ltr'>ten«</span> 
     </span>
     <span class='ocr_line' id='line_1_38' title="bbox 178 1801 1580 1849; baseline 0.001 -14"><span class='ocrx_word' id='word_1_336' title='bbox 178 1802 298 1846; x_wconf 83' lang='lat' dir='ltr'>gloria</span> <span class='ocrx_word' id='word_1_337' title='bbox 322 1802 509 1837; x_wconf 88' lang='lat' dir='ltr'>floriturus</span> <span class='ocrx_word' id='word_1_338' title='bbox 535 1804 598 1845; x_wconf 91' lang='lat' dir='ltr'>sit,</span> <span class='ocrx_word' id='word_1_339' title='bbox 635 1803 673 1838; x_wconf 87' lang='lat' dir='ltr'>id</span> <span class='ocrx_word' id='word_1_340' title='bbox 705 1805 803 1849; x_wconf 87' lang='lat' dir='ltr'>quod</span> <span class='ocrx_word' id='word_1_341' title='bbox 828 1803 882 1838; x_wconf 87' lang='lat' dir='ltr'>ita</span> <span class='ocrx_word' id='word_1_342' title='bbox 907 1802 947 1835; x_wconf 82' lang='grc' dir='ltr'>Ρ.</span> <span class='ocrx_word' id='word_1_343' title='bbox 973 1801 1162 1836; x_wconf 84' lang='lat' dir='ltr'>Hofmann</span> <span class='ocrx_word' id='word_1_344' title='bbox 1186 1801 1424 1846; x_wconf 88' lang='lat' dir='ltr'>Peerlkamp,</span> <span class='ocrx_word' id='word_1_345' title='bbox 1461 1802 1580 1837; x_wconf 84' lang='lat' dir='ltr'>critict</span> 
     </span>
     <span class='ocr_line' id='line_1_39' title="bbox 177 1846 1580 1891; baseline 0 -11"><span class='ocrx_word' id='word_1_346' title='bbox 177 1846 269 1881; x_wconf 84' lang='lat' dir='ltr'>facit</span> <span class='ocrx_word' id='word_1_347' title='bbox 280 1847 443 1891; x_wconf 88' lang='lat' dir='ltr'>inprimis</span> <span class='ocrx_word' id='word_1_348' title='bbox 458 1847 740 1883; x_wconf 79' lang='lat' dir='ltr'>Carm.II.20.et</span> <span class='ocrx_word' id='word_1_349' title='bbox 752 1848 880 1882; x_wconf 85' lang='lat'><strong>111.30.</strong></span> <span class='ocrx_word' id='word_1_350' title='bbox 906 1846 1244 1891; x_wconf 75' lang='lat' dir='ltr'>aeutissimus,.qui</span> <span class='ocrx_word' id='word_1_351' title='bbox 1263 1857 1373 1891; x_wconf 87' lang='lat' dir='ltr'>quum</span> <span class='ocrx_word' id='word_1_352' title='bbox 1390 1846 1580 1880; x_wconf 81' lang='lat' dir='ltr'>creber-rim</span> 
     </span>
     <span class='ocr_line' id='line_1_40' title="bbox 179 1890 1580 1937; baseline -0.001 -12"><span class='ocrx_word' id='word_1_353' title='bbox 179 1892 263 1926; x_wconf 89' lang='lat' dir='ltr'>coli.</span> <span class='ocrx_word' id='word_1_354' title='bbox 281 1892 344 1926; x_wconf 90' lang='lat' dir='ltr'>IV.</span> <span class='ocrx_word' id='word_1_355' title='bbox 364 1893 395 1926; x_wconf 87' lang='lat'>9.</span> <span class='ocrx_word' id='word_1_356' title='bbox 426 1892 523 1933; x_wconf 84' lang='lat' dir='ltr'>Quin</span> <span class='ocrx_word' id='word_1_357' title='bbox 541 1893 650 1927; x_wconf 89' lang='lat' dir='ltr'>etiam</span> <span class='ocrx_word' id='word_1_358' title='bbox 665 1892 780 1927; x_wconf 85' lang='lat' dir='ltr'>Carm.</span> <span class='ocrx_word' id='word_1_359' title='bbox 794 1893 822 1927; x_wconf 94' lang='grc' dir='ltr'>Ι.</span> <span class='ocrx_word' id='word_1_360' title='bbox 837 1893 880 1937; x_wconf 86' lang='grc'>1.,</span> <span class='ocrx_word' id='word_1_361' title='bbox 906 1891 1066 1935; x_wconf 86' lang='lat' dir='ltr'>ineptam</span> <span class='ocrx_word' id='word_1_362' title='bbox 1076 1890 1338 1926; x_wconf 87' lang='lat' dir='ltr'>sententiarum</span> <span class='ocrx_word' id='word_1_363' title='bbox 1346 1890 1580 1935; x_wconf 83' lang='lat' dir='ltr'>repetitionen</span> 
     </span>
     <span class='ocr_line' id='line_1_41' title="bbox 205 1935 1579 1987; baseline 0 -17"><span class='ocrx_word' id='word_1_364' title='bbox 205 1947 251 1987; x_wconf 78' lang='lat' dir='ltr'>uo</span> <span class='ocrx_word' id='word_1_365' title='bbox 276 1937 393 1987; x_wconf 75' lang='lat' dir='ltr'>libros</span> <span class='ocrx_word' id='word_1_366' title='bbox 418 1937 558 1981; x_wconf 90' lang='lat' dir='ltr'>priores</span> <span class='ocrx_word' id='word_1_367' title='bbox 584 1938 791 1972; x_wconf 88' lang='lat' dir='ltr'>Maecenati</span> <span class='ocrx_word' id='word_1_368' title='bbox 821 1938 880 1972; x_wconf 90' lang='lat' dir='ltr'>de—</span> <span class='ocrx_word' id='word_1_369' title='bbox 905 1947 1055 1980; x_wconf 87' lang='lat' dir='ltr'>pravam</span> <span class='ocrx_word' id='word_1_370' title='bbox 1075 1947 1199 1970; x_wconf 88' lang='lat' dir='ltr'>earum</span> <span class='ocrx_word' id='word_1_371' title='bbox 1215 1935 1421 1970; x_wconf 84' lang='lat' dir='ltr'>iuncturam</span> <span class='ocrx_word' id='word_1_372' title='bbox 1440 1940 1478 1970; x_wconf 87' lang='lat' dir='ltr'>et</span> <span class='ocrx_word' id='word_1_373' title='bbox 1496 1946 1579 1980; x_wconf 82' lang='lat' dir='ltr'>copi</span> 
     </span>
     <span class='ocr_line' id='line_1_42' title="bbox 203 1982 1580 2037; baseline 0.001 -9"><span class='ocrx_word' id='word_1_374' title='bbox 203 1986 332 2025; x_wconf 65' lang='lat' dir='ltr'>¹⁰av¹t9</span> <span class='ocrx_word' id='word_1_375' title='bbox 375 1986 500 2026; x_wconf 62' lang='lat' dir='ltr'>aperte</span> <span class='ocrx_word' id='word_1_376' title='bbox 531 1982 686 2034; x_wconf 35' lang='lat' dir='ltr'>fat-eiiur‘,</span> <span class='ocrx_word' id='word_1_377' title='bbox 719 1982 879 2016; x_wconf 57' lang='lat' dir='ltr'>sumnum</span> <span class='ocrx_word' id='word_1_378' title='bbox 906 2005 1023 2029; x_wconf 86' lang='lat' dir='ltr'>nachum</span> <span class='ocrx_word' id='word_1_379' title='bbox 1036 2005 1135 2030; x_wconf 78' lang='lat' dir='ltr'>aetatis</span> <span class='ocrx_word' id='word_1_380' title='bbox 1147 2003 1430 2030; x_wconf 78' lang='lat' dir='ltr'>tenebricosissimae.</span> <span class='ocrx_word' id='word_1_381' title='bbox 1445 2003 1580 2037; x_wconf 77' lang='lat' dir='ltr'>Quodcoz</span> 
     </span>
     <span class='ocr_line' id='line_1_43' title="bbox 178 2028 1580 2070; baseline 0.001 -9"><span class='ocrx_word' id='word_1_382' title='bbox 178 2037 259 2061; x_wconf 78' lang='lat' dir='ltr'>esse</span> <span class='ocrx_word' id='word_1_383' title='bbox 269 2053 278 2070; x_wconf 90' lang='lat'>,</span> <span class='ocrx_word' id='word_1_384' title='bbox 304 2030 346 2060; x_wconf 79' lang='lat' dir='ltr'>ut</span> <span class='ocrx_word' id='word_1_385' title='bbox 365 2038 542 2061; x_wconf 78' lang='lat' dir='ltr'>summum</span> <span class='ocrx_word' id='word_1_386' title='bbox 562 2028 632 2061; x_wconf 78' lang='lat' dir='ltr'>Sibi</span> <span class='ocrx_word' id='word_1_387' title='bbox 646 2028 814 2062; x_wconf 75' lang='lat' dir='ltr'>Videatur</span> <span class='ocrx_word' id='word_1_388' title='bbox 827 2032 882 2062; x_wconf 69' lang='lat' dir='ltr'>at·</span> <span class='ocrx_word' id='word_1_389' title='bbox 904 2041 1028 2063; x_wconf 82' lang='lat' dir='ltr'>mentum</span> <span class='ocrx_word' id='word_1_390' title='bbox 1041 2039 1163 2069; x_wconf 76' lang='lat' dir='ltr'>graviter</span> <span class='ocrx_word' id='word_1_391' title='bbox 1175 2038 1332 2063; x_wconf 75' lang='lat' dir='ltr'>confutavit</span> <span class='ocrx_word' id='word_1_392' title='bbox 1342 2037 1464 2069; x_wconf 79' lang='lat' dir='ltr'>Adelph.</span> <span class='ocrx_word' id='word_1_393' title='bbox 1478 2037 1580 2063; x_wconf 65' lang='lat' dir='ltr'>motai»</span> 
     </span>
    </p>
   </div>
   <div class='ocr_carea' id='block_1_4' title="bbox 177 2070 1577 2138">
    <p class='ocr_par' dir='ltr' id='par_1_4' title="bbox 177 2070 1577 2138">
     <span class='ocr_line' id='line_1_44' title="bbox 177 2070 1577 2138; baseline 0.001 -9"><span class='ocrx_word' id='word_1_394' title='bbox 177 2071 306 2115; x_wconf 65' lang='lat' dir='ltr'>tigisse</span> <span class='ocrx_word' id='word_1_395' title='bbox 332 2071 522 2106; x_wconf 48' lang='lat' dir='ltr'>feritatis</span> <span class='ocrx_word' id='word_1_396' title='bbox 540 2072 740 2117; x_wconf 54' lang='lat' dir='ltr'>fastigium,</span> <span class='ocrx_word' id='word_1_397' title='bbox 768 2072 798 2106; x_wconf 55' lang='grc' dir='ltr'>εἰ</span> <span class='ocrx_word' id='word_1_398' title='bbox 905 2070 1577 2138; x_wconf 50' lang='lat' dir='ltr'>aaziazizgzizgiffsssszsessaas</span> 
     </span>
    </p>
   </div>
   <div class='ocr_carea' id='block_1_5' title="bbox 176 2116 1579 2204">
    <p class='ocr_par' dir='ltr' id='par_1_5' title="bbox 176 2116 1579 2204">
     <span class='ocr_line' id='line_1_45' title="bbox 176 2116 1577 2172; baseline 0.004 -13"><span class='ocrx_word' id='word_1_399' title='bbox 176 2126 259 2150; x_wconf 71' lang='lat' dir='ltr'>men</span> <span class='ocrx_word' id='word_1_400' title='bbox 283 2120 418 2160; x_wconf 66' lang='lat' dir='ltr'>Poetae</span> <span class='ocrx_word' id='word_1_401' title='bbox 443 2116 548 2168; x_wconf 56' lang='lat' dir='ltr'>lyriqi</span> <span class='ocrx_word' id='word_1_402' title='bbox 579 2117 735 2168; x_wconf 44' lang='lat' dir='ltr'>flssdssptus</span> <span class='ocrx_word' id='word_1_403' title='bbox 759 2117 879 2151; x_wconf 67' lang='lat' dir='ltr'>fuerit·</span> <span class='ocrx_word' id='word_1_404' title='bbox 905 2138 1265 2169; x_wconf 79' lang='lat' dir='ltr'>llorntiiaudacia,1neius</span> <span class='ocrx_word' id='word_1_405' title='bbox 1276 2137 1577 2172; x_wconf 70' lang='lat' dir='ltr'>Opuscul.varizar9w</span> 
     </span>
     <span class='ocr_line' id='line_1_46' title="bbox 178 2160 1579 2204; baseline 0.001 -9"><span class='ocrx_word' id='word_1_406' title='bbox 178 2160 256 2195; x_wconf 88' lang='lat' dir='ltr'>Nec</span> <span class='ocrx_word' id='word_1_407' title='bbox 269 2172 355 2195; x_wconf 88' lang='lat' dir='ltr'>vero</span> <span class='ocrx_word' id='word_1_408' title='bbox 370 2161 441 2195; x_wconf 90' lang='lat' dir='ltr'>hoc</span> <span class='ocrx_word' id='word_1_409' title='bbox 454 2161 516 2196; x_wconf 87' lang='lat' dir='ltr'>ille</span> <span class='ocrx_word' id='word_1_410' title='bbox 530 2162 666 2196; x_wconf 91' lang='lat' dir='ltr'>iudicio</span> <span class='ocrx_word' id='word_1_411' title='bbox 680 2162 796 2196; x_wconf 86' lang='lat' dir='ltr'>falsus</span> <span class='ocrx_word' id='word_1_412' title='bbox 811 2165 878 2204; x_wconf 86' lang='lat' dir='ltr'>est,</span> <span class='ocrx_word' id='word_1_413' title='bbox 904 2180 931 2204; x_wconf 80' lang='lat' dir='ltr'>p.</span> <span class='ocrx_word' id='word_1_414' title='bbox 951 2174 1000 2198; x_wconf 73' lang='lat'>114</span> <span class='ocrx_word' id='word_1_415' title='bbox 1013 2179 1072 2204; x_wconf 79' lang='lat' dir='ltr'>sqq.</span> <span class='ocrx_word' id='word_1_416' title='bbox 1097 2173 1225 2203; x_wconf 72' lang='lat' dir='ltr'>repetita.</span> <span class='ocrx_word' id='word_1_417' title='bbox 1267 2172 1321 2197; x_wconf 76' lang='lat' dir='ltr'>sed</span> <span class='ocrx_word' id='word_1_418' title='bbox 1345 2172 1459 2197; x_wconf 73' lang='lat' dir='ltr'>Klotzio</span> <span class='ocrx_word' id='word_1_419' title='bbox 1488 2171 1523 2197; x_wconf 77' lang='lat' dir='ltr'>de</span> <span class='ocrx_word' id='word_1_420' title='bbox 1547 2179 1579 2204; x_wconf 80' lang='lat' dir='ltr'>qu</span> 
     </span>
    </p>
   </div>
   <div class='ocr_carea' id='block_1_6' title="bbox 177 2204 1575 2285">
    <p class='ocr_par' dir='ltr' id='par_1_6' title="bbox 177 2204 1575 2285">
     <span class='ocr_line' id='line_1_47' title="bbox 177 2204 1575 2257; baseline 0 -27"><span class='ocrx_word' id='word_1_421' title='bbox 177 2206 476 2250; x_wconf 71' lang='lat' dir='ltr'>quandoquidem</span> <span class='ocrx_word' id='word_1_422' title='bbox 493 2217 626 2241; x_wconf 75' lang='lat' dir='ltr'>nomen</span> <span class='ocrx_word' id='word_1_423' title='bbox 644 2206 758 2257; x_wconf 60' lang='lat' dir='ltr'>ipsius</span> <span class='ocrx_word' id='word_1_424' title='bbox 778 2207 878 2240; x_wconf 76' lang='lat' dir='ltr'>nullo</span> <span class='ocrx_word' id='word_1_425' title='bbox 904 2206 1020 2231; x_wconf 83' lang='lat' dir='ltr'>busdam</span> <span class='ocrx_word' id='word_1_426' title='bbox 1044 2206 1155 2231; x_wconf 83' lang='lat' dir='ltr'>iudiciis</span> <span class='ocrx_word' id='word_1_427' title='bbox 1178 2206 1397 2245; x_wconf 64' lang='lat' dir='ltr'>controyersiam</span> <span class='ocrx_word' id='word_1_428' title='bbox 1421 2206 1510 2244; x_wconf 75' lang='lat' dir='ltr'>movit</span> <span class='ocrx_word' id='word_1_429' title='bbox 1535 2204 1575 2231; x_wconf 77' lang='lat' dir='ltr'>Go</span> 
     </span>
     <span class='ocr_line' id='line_1_48' title="bbox 712 2238 1573 2285; baseline 0.001 -21"><span class='ocrx_word' id='word_1_430' title='bbox 712 2251 718 2258; x_wconf 88' lang='lat'><strong>·</strong></span> <span class='ocrx_word' id='word_1_431' title='bbox 771 2250 880 2285; x_wconf 69' lang='lat' dir='ltr'><strong>laruit</strong></span> <span class='ocrx_word' id='word_1_432' title='bbox 903 2240 1044 2264; x_wconf 82' lang='lat' dir='ltr'>Herderus</span> <span class='ocrx_word' id='word_1_433' title='bbox 1069 2240 1097 2265; x_wconf 89' lang='lat' dir='ltr'>in</span> <span class='ocrx_word' id='word_1_434' title='bbox 1122 2240 1206 2264; x_wconf 84' lang='lat' dir='ltr'>libro:</span> <span class='ocrx_word' id='word_1_435' title='bbox 1232 2238 1375 2266; x_wconf 73' lang='lat' dir='ltr'>iirztzsche</span> <span class='ocrx_word' id='word_1_436' title='bbox 1393 2238 1511 2265; x_wconf 81' lang='lat' dir='ltr'>Walder.</span> <span class='ocrx_word' id='word_1_437' title='bbox 1547 2240 1573 2265; x_wconf 76' lang='lat'>21</span> 
     </span>
    </p>
   </div>
   <div class='ocr_carea' id='block_1_7' title="bbox 175 2255 1579 2341">
    <p class='ocr_par' dir='ltr' id='par_1_7' title="bbox 175 2255 1579 2341">
     <span class='ocr_line' id='line_1_49' title="bbox 175 2255 1577 2303; baseline 0.001 -8"><span class='ocrx_word' id='word_1_438' title='bbox 175 2255 385 2294; x_wconf 63' lang='lat' dir='ltr'>poematum</span> <span class='ocrx_word' id='word_1_439' title='bbox 410 2262 545 2295; x_wconf 68' lang='lat' dir='ltr'>genere</span> <span class='ocrx_word' id='word_1_440' title='bbox 570 2262 687 2296; x_wconf 67' lang='lat' dir='ltr'>magffl</span> <span class='ocrx_word' id='word_1_441' title='bbox 710 2262 769 2285; x_wconf 71' lang='lat'>¹¹²0</span> <span class='ocrx_word' id='word_1_442' title='bbox 870 2295 877 2301; x_wconf 84' lang='lat'>,</span> <span class='ocrx_word' id='word_1_443' title='bbox 910 2274 928 2295; x_wconf 68' lang='grc'>11</span> <span class='ocrx_word' id='word_1_444' title='bbox 940 2273 1068 2299; x_wconf 61' lang='lat' dir='ltr'>attiuhan.</span> <span class='ocrx_word' id='word_1_445' title='bbox 1095 2272 1148 2298; x_wconf 89' lang='lat' dir='ltr'>Cui</span> <span class='ocrx_word' id='word_1_446' title='bbox 1161 2273 1208 2298; x_wconf 89' lang='lat' dir='ltr'>ille</span> <span class='ocrx_word' id='word_1_447' title='bbox 1222 2273 1261 2298; x_wconf 68' lang='lat' dir='ltr'>ita</span> <span class='ocrx_word' id='word_1_448' title='bbox 1271 2273 1432 2298; x_wconf 76' lang='lat' dir='ltr'>adversatus</span> <span class='ocrx_word' id='word_1_449' title='bbox 1445 2274 1496 2303; x_wconf 81' lang='lat' dir='ltr'>est,</span> <span class='ocrx_word' id='word_1_450' title='bbox 1511 2274 1541 2297; x_wconf 83' lang='lat' dir='ltr'>ut</span> <span class='ocrx_word' id='word_1_451' title='bbox 1554 2279 1577 2298; x_wconf 83' lang='lat' dir='ltr'>ci</span> 
     </span>
     <span class='ocr_line' id='line_1_50' title="bbox 177 2296 1579 2341; baseline 0.001 -12"><span class='ocrx_word' id='word_1_452' title='bbox 177 2298 287 2341; x_wconf 79' lang='lat' dir='ltr'>atque</span> <span class='ocrx_word' id='word_1_453' title='bbox 301 2300 479 2340; x_wconf 84' lang='lat' dir='ltr'>perpetuo</span> <span class='ocrx_word' id='word_1_454' title='bbox 490 2296 597 2330; x_wconf 78' lang='lat' dir='ltr'>laude</span> <span class='ocrx_word' id='word_1_455' title='bbox 611 2307 726 2341; x_wconf 76' lang='lat' dir='ltr'>usque</span> <span class='ocrx_word' id='word_1_456' title='bbox 740 2300 879 2330; x_wconf 78' lang='lat' dir='ltr'>recenti</span> <span class='ocrx_word' id='word_1_457' title='bbox 903 2307 989 2332; x_wconf 83' lang='lat' dir='ltr'>ticum</span> <span class='ocrx_word' id='word_1_458' title='bbox 1008 2307 1092 2332; x_wconf 84' lang='lat' dir='ltr'>istum</span> <span class='ocrx_word' id='word_1_459' title='bbox 1111 2307 1288 2338; x_wconf 77' lang='lat' dir='ltr'>sylvestrem.</span> <span class='ocrx_word' id='word_1_460' title='bbox 1308 2313 1391 2338; x_wconf 85' lang='lat' dir='ltr'>quem</span> <span class='ocrx_word' id='word_1_461' title='bbox 1409 2306 1501 2337; x_wconf 83' lang='lat' dir='ltr'>lepide</span> <span class='ocrx_word' id='word_1_462' title='bbox 1512 2313 1579 2331; x_wconf 69' lang='lat' dir='ltr'>vocs</span> 
     </span>
    </p>
   </div>
   <div class='ocr_carea' id='block_1_8' title="bbox 176 2340 1578 2405">
    <p class='ocr_par' dir='ltr' id='par_1_8' title="bbox 176 2340 1578 2405">
     <span class='ocr_line' id='line_1_51' title="bbox 176 2340 1574 2386; baseline 0 -22"><span class='ocrx_word' id='word_1_463' title='bbox 176 2341 275 2384; x_wconf 71' lang='lat' dir='ltr'>apud</span> <span class='ocrx_word' id='word_1_464' title='bbox 299 2345 471 2384; x_wconf 68' lang='lat' dir='ltr'>posteros</span> <span class='ocrx_word' id='word_1_465' title='bbox 492 2340 609 2386; x_wconf 67' lang='lat' dir='ltr'>viguit</span> <span class='ocrx_word' id='word_1_466' title='bbox 627 2352 736 2386; x_wconf 71' lang='lat' dir='ltr'>quam</span> <span class='ocrx_word' id='word_1_467' title='bbox 755 2340 879 2385; x_wconf 71' lang='lat' dir='ltr'>lyricis</span> <span class='ocrx_word' id='word_1_468' title='bbox 903 2341 1086 2380; x_wconf 60' lang='lat' dir='ltr'>veliementer</span> <span class='ocrx_word' id='word_1_469' title='bbox 1098 2341 1269 2380; x_wconf 66' lang='lat' dir='ltr'>corripuerit.</span> <span class='ocrx_word' id='word_1_470' title='bbox 1299 2340 1331 2365; x_wconf 87' lang='lat' dir='ltr'>id</span> <span class='ocrx_word' id='word_1_471' title='bbox 1349 2340 1423 2371; x_wconf 87' lang='lat' dir='ltr'>quod</span> <span class='ocrx_word' id='word_1_472' title='bbox 1441 2340 1508 2365; x_wconf 80' lang='lat' dir='ltr'>fecit</span> <span class='ocrx_word' id='word_1_473' title='bbox 1519 2340 1574 2365; x_wconf 78' lang='lat' dir='ltr'>alte</span> 
     </span>
     <span class='ocr_line' id='line_1_52' title="bbox 279 2373 1578 2405; baseline -0.002 -7"><span class='ocrx_word' id='word_1_474' title='bbox 279 2385 285 2391; x_wconf 91' lang='lat'><em>·</em></span> <span class='ocrx_word' id='word_1_475' title='bbox 904 2375 1026 2399; x_wconf 73' lang='lat' dir='ltr'>editione</span> <span class='ocrx_word' id='word_1_476' title='bbox 1050 2373 1255 2404; x_wconf 81' lang='lat' dir='ltr'>vindiciarum,</span> <span class='ocrx_word' id='word_1_477' title='bbox 1281 2381 1349 2405; x_wconf 81' lang='lat' dir='ltr'>quas</span> <span class='ocrx_word' id='word_1_478' title='bbox 1373 2375 1471 2405; x_wconf 80' lang='lat' dir='ltr'>postea</span> <span class='ocrx_word' id='word_1_479' title='bbox 1494 2380 1578 2399; x_wconf 54' lang='lat' dir='ltr'>vocarv</span> 
     </span>
    </p>
   </div>
   <div class='ocr_carea' id='block_1_9' title="bbox 175 2385 1578 2709">
    <p class='ocr_par' dir='ltr' id='par_1_9' title="bbox 178 2385 1577 2474">
     <span class='ocr_line' id='line_1_53' title="bbox 178 2385 1574 2438; baseline -0.003 -3"><span class='ocrx_word' id='word_1_480' title='bbox 178 2385 433 2419; x_wconf 69' lang='lat' dir='ltr'>carm¹n¹bus·l</span> <span class='ocrx_word' id='word_1_481' title='bbox 906 2407 1051 2433; x_wconf 75' lang='lat' dir='ltr'>Lectiones</span> <span class='ocrx_word' id='word_1_482' title='bbox 1075 2406 1239 2437; x_wconf 70' lang='lat' dir='ltr'>Venusinus,</span> <span class='ocrx_word' id='word_1_483' title='bbox 1257 2407 1335 2438; x_wconf 85' lang='lat' dir='ltr'>Lips.</span> <span class='ocrx_word' id='word_1_484' title='bbox 1349 2407 1424 2432; x_wconf 88' lang='grc'><strong>1770.</strong></span> <span class='ocrx_word' id='word_1_485' title='bbox 1444 2407 1469 2432; x_wconf 89' lang='grc'>8.</span> <span class='ocrx_word' id='word_1_486' title='bbox 1501 2405 1574 2432; x_wconf 76' lang='lat' dir='ltr'>Cont</span> 
     </span>
     <span class='ocr_line' id='line_1_54' title="bbox 209 2440 1577 2474; baseline -0.002 -7"><span class='ocrx_word' id='word_1_487' title='bbox 209 2444 223 2468; x_wconf 86' lang='lat' dir='ltr'>i</span> <span class='ocrx_word' id='word_1_488' title='bbox 248 2443 292 2468; x_wconf 85' lang='lat' dir='ltr'>De</span> <span class='ocrx_word' id='word_1_489' title='bbox 305 2443 474 2474; x_wconf 78' lang='lat' dir='ltr'>praestantia</span> <span class='ocrx_word' id='word_1_490' title='bbox 487 2443 580 2474; x_wconf 81' lang='lat' dir='ltr'>poesis</span> <span class='ocrx_word' id='word_1_491' title='bbox 592 2443 697 2474; x_wconf 81' lang='lat' dir='ltr'>lyricae</span> <span class='ocrx_word' id='word_1_492' title='bbox 709 2443 879 2468; x_wconf 78' lang='lat' dir='ltr'>Horatianao</span> <span class='ocrx_word' id='word_1_493' title='bbox 903 2441 1058 2466; x_wconf 75' lang='lat' dir='ltr'>Herum-um</span> <span class='ocrx_word' id='word_1_494' title='bbox 1081 2441 1235 2472; x_wconf 78' lang='lat' dir='ltr'>disputavit</span> <span class='ocrx_word' id='word_1_495' title='bbox 1253 2441 1338 2466; x_wconf 71' lang='lat' dir='ltr'>ctiam</span> <span class='ocrx_word' id='word_1_496' title='bbox 1362 2440 1494 2465; x_wconf 77' lang='lat' dir='ltr'>Schirach</span> <span class='ocrx_word' id='word_1_497' title='bbox 1519 2441 1548 2466; x_wconf 90' lang='lat' dir='ltr'>in</span> <span class='ocrx_word' id='word_1_498' title='bbox 1571 2441 1577 2464; x_wconf 94' lang='grc'>]</span> 
     </span>
    </p>

    <p class='ocr_par' dir='ltr' id='par_1_10' title="bbox 176 2472 1578 2508">
     <span class='ocr_line' id='line_1_55' title="bbox 176 2472 1578 2508; baseline -0.001 -7"><span class='ocrx_word' id='word_1_499' title='bbox 176 2483 260 2507; x_wconf 89' lang='lat' dir='ltr'>quum</span> <span class='ocrx_word' id='word_1_500' title='bbox 273 2477 335 2502; x_wconf 87' lang='lat' dir='ltr'>aliis</span> <span class='ocrx_word' id='word_1_501' title='bbox 349 2483 436 2508; x_wconf 86' lang='lat' dir='ltr'>nuper</span> <span class='ocrx_word' id='word_1_502' title='bbox 449 2477 529 2501; x_wconf 79' lang='lat' dir='ltr'>aliter</span> <span class='ocrx_word' id='word_1_503' title='bbox 542 2478 633 2502; x_wconf 85' lang='lat' dir='ltr'>visum</span> <span class='ocrx_word' id='word_1_504' title='bbox 646 2477 692 2506; x_wconf 85' lang='lat' dir='ltr'>sit,</span> <span class='ocrx_word' id='word_1_505' title='bbox 712 2479 771 2502; x_wconf 80' lang='lat' dir='ltr'>tum</span> <span class='ocrx_word' id='word_1_506' title='bbox 784 2477 879 2508; x_wconf 77' lang='lat' dir='ltr'>singu-</span> <span class='ocrx_word' id='word_1_507' title='bbox 903 2475 992 2500; x_wconf 86' lang='lat' dir='ltr'>bello:</span> <span class='ocrx_word' id='word_1_508' title='bbox 1016 2473 1220 2500; x_wconf 53' lang='lat' dir='ltr'>[interm-isene</span> <span class='ocrx_word' id='word_1_509' title='bbox 1233 2473 1330 2507; x_wconf 76' lang='lat' dir='ltr'>Bries&#39;e</span> <span class='ocrx_word' id='word_1_510' title='bbox 1348 2481 1384 2500; x_wconf 76' lang='lat' dir='ltr'>cm</span> <span class='ocrx_word' id='word_1_511' title='bbox 1403 2473 1430 2500; x_wconf 69' lang='lat' dir='ltr'>a.</span> <span class='ocrx_word' id='word_1_512' title='bbox 1446 2472 1578 2500; x_wconf 64' lang='lat' dir='ltr'>Publicia</span> 
     </span>
    </p>

    <p class='ocr_par' dir='ltr' id='par_1_11' title="bbox 175 2508 1299 2540">
     <span class='ocr_line' id='line_1_56' title="bbox 175 2508 1299 2540; baseline -0.003 -5"><span class='ocrx_word' id='word_1_513' title='bbox 175 2510 232 2535; x_wconf 80' lang='lat' dir='ltr'>lure</span> <span class='ocrx_word' id='word_1_514' title='bbox 252 2511 304 2535; x_wconf 82' lang='lat' dir='ltr'>fuit</span> <span class='ocrx_word' id='word_1_515' title='bbox 322 2510 454 2535; x_wconf 86' lang='lat' dir='ltr'>iudicium</span> <span class='ocrx_word' id='word_1_516' title='bbox 474 2510 512 2535; x_wconf 87' lang='lat'>10.</span> <span class='ocrx_word' id='word_1_517' title='bbox 534 2511 679 2535; x_wconf 80' lang='lat' dir='ltr'>Harduini.</span> <span class='ocrx_word' id='word_1_518' title='bbox 711 2511 738 2535; x_wconf 84' lang='lat' dir='ltr'>Is</span> <span class='ocrx_word' id='word_1_519' title='bbox 757 2511 831 2535; x_wconf 87' lang='lat' dir='ltr'>enim</span> <span class='ocrx_word' id='word_1_520' title='bbox 850 2510 879 2534; x_wconf 88' lang='lat' dir='ltr'>in</span> <span class='ocrx_word' id='word_1_521' title='bbox 903 2509 924 2534; x_wconf 96' lang='lat'>1.</span> <span class='ocrx_word' id='word_1_522' title='bbox 940 2509 1054 2540; x_wconf 64' lang='lat' dir='ltr'>Paquet,</span> <span class='ocrx_word' id='word_1_523' title='bbox 1070 2508 1160 2539; x_wconf 80' lang='lat' dir='ltr'>Epist.</span> <span class='ocrx_word' id='word_1_524' title='bbox 1175 2509 1201 2533; x_wconf 81' lang='grc'>9.</span> <span class='ocrx_word' id='word_1_525' title='bbox 1216 2509 1299 2533; x_wconf 85' lang='lat' dir='ltr'>etio.</span> 
     </span>
    </p>

    <p class='ocr_par' dir='ltr' id='par_1_12' title="bbox 178 2539 1577 2573">
     <span class='ocr_line' id='line_1_57' title="bbox 178 2539 1577 2573; baseline -0.002 -4"><span class='ocrx_word' id='word_1_526' title='bbox 178 2542 418 2570; x_wconf 75' lang='lat' dir='ltr'>Pseudo-Horatio</span> <span class='ocrx_word' id='word_1_527' title='bbox 432 2551 453 2568; x_wconf 91' lang='lat' dir='ltr'>s.</span> <span class='ocrx_word' id='word_1_528' title='bbox 468 2544 497 2568; x_wconf 89' lang='lat' dir='ltr'>in</span> <span class='ocrx_word' id='word_1_529' title='bbox 511 2543 806 2569; x_wconf 71' lang='lat' dir='ltr'>Animadversionibus</span> <span class='ocrx_word' id='word_1_530' title='bbox 819 2542 880 2568; x_wconf 82' lang='lat' dir='ltr'>cri·</span> <span class='ocrx_word' id='word_1_531' title='bbox 935 2543 950 2567; x_wconf 95' lang='lat'>1</span> <span class='ocrx_word' id='word_1_532' title='bbox 971 2541 1107 2568; x_wconf 67' lang='lat' dir='ltr'>Ele-ment.</span> <span class='ocrx_word' id='word_1_533' title='bbox 1130 2540 1200 2567; x_wconf 74' lang='lat' dir='ltr'>Urit.</span> <span class='ocrx_word' id='word_1_534' title='bbox 1225 2541 1289 2566; x_wconf 82' lang='lat' dir='ltr'>Voi.</span> <span class='ocrx_word' id='word_1_535' title='bbox 1301 2541 1324 2567; x_wconf 90' lang='lat'>1.</span> <span class='ocrx_word' id='word_1_536' title='bbox 1343 2547 1371 2573; x_wconf 81' lang='lat' dir='ltr'>p.</span> <span class='ocrx_word' id='word_1_537' title='bbox 1384 2540 1426 2566; x_wconf 77' lang='lat'>88.</span> <span class='ocrx_word' id='word_1_538' title='bbox 1445 2539 1490 2566; x_wconf 79' lang='lat' dir='ltr'>ed.</span> <span class='ocrx_word' id='word_1_539' title='bbox 1510 2539 1577 2567; x_wconf 79' lang='lat' dir='ltr'>Gerr</span> 
     </span>
    </p>

    <p class='ocr_par' dir='ltr' id='par_1_13' title="bbox 176 2575 1058 2609">
     <span class='ocr_line' id='line_1_58' title="bbox 176 2575 1058 2609; baseline -0.002 -7"><span class='ocrx_word' id='word_1_540' title='bbox 176 2577 242 2603; x_wconf 72' lang='lat' dir='ltr'>licis</span> <span class='ocrx_word' id='word_1_541' title='bbox 262 2578 290 2602; x_wconf 79' lang='grc' dir='ltr'>ιἰι</span> <span class='ocrx_word' id='word_1_542' title='bbox 309 2584 393 2609; x_wconf 80' lang='lat' dir='ltr'>opera</span> <span class='ocrx_word' id='word_1_543' title='bbox 407 2575 530 2607; x_wconf 60' lang='lat' dir='ltr'>Horatii,</span> <span class='ocrx_word' id='word_1_544' title='bbox 550 2585 619 2608; x_wconf 79' lang='lat' dir='ltr'>quae</span> <span class='ocrx_word' id='word_1_545' title='bbox 639 2578 727 2608; x_wconf 83' lang='lat' dir='ltr'>ipsius</span> <span class='ocrx_word' id='word_1_546' title='bbox 743 2575 879 2609; x_wconf 67' lang='lat' dir='ltr'>operibns</span> <span class='ocrx_word' id='word_1_547' title='bbox 902 2576 1058 2601; x_wconf 78' lang='lat' dir='ltr'>Meinhard.</span> 
     </span>
    </p>

    <p class='ocr_par' dir='ltr' id='par_1_14' title="bbox 175 2607 1577 2641">
     <span class='ocr_line' id='line_1_59' title="bbox 175 2607 1577 2641; baseline -0.001 -5"><span class='ocrx_word' id='word_1_548' title='bbox 175 2610 263 2637; x_wconf 82' lang='lat' dir='ltr'>variis</span> <span class='ocrx_word' id='word_1_549' title='bbox 282 2611 455 2638; x_wconf 78' lang='lat' dir='ltr'>(Amsteiod.</span> <span class='ocrx_word' id='word_1_550' title='bbox 476 2612 549 2636; x_wconf 81' lang='lat'><strong>1733.</strong></span> <span class='ocrx_word' id='word_1_551' title='bbox 564 2612 613 2635; x_wconf 84' lang='lat' dir='ltr'>foi.</span> <span class='ocrx_word' id='word_1_552' title='bbox 634 2611 734 2641; x_wconf 80' lang='lat' dir='ltr'>editis)</span> <span class='ocrx_word' id='word_1_553' title='bbox 758 2611 879 2635; x_wconf 79' lang='lat' dir='ltr'>insertae</span> <span class='ocrx_word' id='word_1_554' title='bbox 935 2611 950 2634; x_wconf 83' lang='lat'>2</span> <span class='ocrx_word' id='word_1_555' title='bbox 975 2610 1003 2634; x_wconf 87' lang='lat' dir='ltr'>in</span> <span class='ocrx_word' id='word_1_556' title='bbox 1027 2608 1121 2641; x_wconf 74' lang='lat' dir='ltr'>Epist.</span> <span class='ocrx_word' id='word_1_557' title='bbox 1149 2607 1221 2635; x_wconf 75' lang='lat' dir='ltr'>erit.</span> <span class='ocrx_word' id='word_1_558' title='bbox 1262 2607 1440 2640; x_wconf 76' lang='lat' dir='ltr'>supplicibus</span> <span class='ocrx_word' id='word_1_559' title='bbox 1462 2607 1577 2640; x_wconf 75' lang='lat' dir='ltr'>Euripid</span> 
     </span>
    </p>

    <p class='ocr_par' dir='ltr' id='par_1_15' title="bbox 175 2643 1037 2676">
     <span class='ocr_line' id='line_1_60' title="bbox 175 2643 1037 2676; baseline -0.002 -6"><span class='ocrx_word' id='word_1_560' title='bbox 175 2648 248 2674; x_wconf 79' lang='lat' dir='ltr'>sunt,</span> <span class='ocrx_word' id='word_1_561' title='bbox 264 2645 347 2675; x_wconf 79' lang='lat' dir='ltr'>p.3·28</span> <span class='ocrx_word' id='word_1_562' title='bbox 356 2652 415 2676; x_wconf 88' lang='lat' dir='ltr'>sqq.</span> <span class='ocrx_word' id='word_1_563' title='bbox 430 2644 625 2669; x_wconf 70' lang='lat' dir='ltr'>inclemenssus</span> <span class='ocrx_word' id='word_1_564' title='bbox 639 2645 667 2669; x_wconf 89' lang='lat' dir='ltr'>in</span> <span class='ocrx_word' id='word_1_565' title='bbox 683 2645 757 2670; x_wconf 83' lang='lat' dir='ltr'>Odas</span> <span class='ocrx_word' id='word_1_566' title='bbox 770 2644 879 2669; x_wconf 75' lang='lat' dir='ltr'>Horatii</span> <span class='ocrx_word' id='word_1_567' title='bbox 902 2643 1037 2669; x_wconf 78' lang='lat' dir='ltr'>sublecta.</span> 
     </span>
    </p>

    <p class='ocr_par' dir='ltr' id='par_1_16' title="bbox 175 2673 1576 2709">
     <span class='ocr_line' id='line_1_61' title="bbox 175 2673 1576 2709; baseline -0.001 -7"><span class='ocrx_word' id='word_1_568' title='bbox 175 2679 316 2703; x_wconf 74' lang='lat' dir='ltr'>invehitur</span> <span class='ocrx_word' id='word_1_569' title='bbox 329 2681 478 2709; x_wconf 79' lang='lat' dir='ltr'>censetque</span> <span class='ocrx_word' id='word_1_570' title='bbox 497 2685 553 2703; x_wconf 87' lang='lat' dir='ltr'>non</span> <span class='ocrx_word' id='word_1_571' title='bbox 573 2678 657 2703; x_wconf 81' lang='lat' dir='ltr'>alium</span> <span class='ocrx_word' id='word_1_572' title='bbox 670 2678 756 2703; x_wconf 74' lang='lat' dir='ltr'>inisse</span> <span class='ocrx_word' id='word_1_573' title='bbox 768 2678 878 2703; x_wconf 78' lang='lat' dir='ltr'>illarum</span> <span class='ocrx_word' id='word_1_574' title='bbox 934 2677 950 2701; x_wconf 84' lang='grc'>3</span> <span class='ocrx_word' id='word_1_575' title='bbox 969 2674 1094 2703; x_wconf 78' lang='lat' dir='ltr'>Nachtrd</span> <span class='ocrx_word' id='word_1_576' title='bbox 1112 2683 1127 2702; x_wconf 86' lang='lat' dir='ltr'>e</span> <span class='ocrx_word' id='word_1_577' title='bbox 1139 2674 1289 2702; x_wconf 69' lang='lat' dir='ltr'>zzz-Sumere</span> <span class='ocrx_word' id='word_1_578' title='bbox 1298 2673 1416 2702; x_wconf 68' lang='lat' dir='ltr'>stem-is</span> <span class='ocrx_word' id='word_1_579' title='bbox 1427 2673 1576 2702; x_wconf 61' lang='lat' dir='ltr'>deo-echan:</span> 
     </span>
    </p>
   </div>
   <div class='ocr_carea' id='block_1_10' title="bbox 174 2709 1457 2744">
    <p class='ocr_par' dir='ltr' id='par_1_17' title="bbox 174 2709 1457 2744">
     <span class='ocr_line' id='line_1_62' title="bbox 174 2709 1457 2744; baseline -0.002 -6"><span class='ocrx_word' id='word_1_580' title='bbox 174 2714 316 2738; x_wconf 67' lang='lat' dir='ltr'>auctorem</span> <span class='ocrx_word' id='word_1_581' title='bbox 334 2718 416 2743; x_wconf 79' lang='lat' dir='ltr'>quam</span> <span class='ocrx_word' id='word_1_582' title='bbox 434 2711 657 2744; x_wconf 82' lang='lat' dir='ltr'>stupidissimum</span> <span class='ocrx_word' id='word_1_583' title='bbox 674 2712 796 2744; x_wconf 79' lang='lat' dir='ltr'>aliquem</span> <span class='ocrx_word' id='word_1_584' title='bbox 818 2717 878 2737; x_wconf 88' lang='lat' dir='ltr'>mo·</span> <span class='ocrx_word' id='word_1_585' title='bbox 907 2709 1081 2738; x_wconf 59' lang='lat' dir='ltr'>mesentana</span> <span class='ocrx_word' id='word_1_586' title='bbox 1097 2713 1143 2737; x_wconf 77' lang='lat' dir='ltr'>cen</span> <span class='ocrx_word' id='word_1_587' title='bbox 1160 2710 1239 2736; x_wconf 74' lang='lat' dir='ltr'>&#39;rom-</span> <span class='ocrx_word' id='word_1_588' title='bbox 1252 2709 1287 2736; x_wconf 82' lang='lat' dir='ltr'>V.</span> <span class='ocrx_word' id='word_1_589' title='bbox 1300 2716 1328 2742; x_wconf 78' lang='lat' dir='ltr'>p.</span> <span class='ocrx_word' id='word_1_590' title='bbox 1342 2709 1457 2742; x_wconf 68' lang='lat' dir='ltr'>mosqq.</span> 
     </span>
    </p>
   </div>
   <div class='ocr_carea' id='block_1_11' title="bbox 905 1988 1127 1996">
    <p class='ocr_par' dir='ltr' id='par_1_18' title="bbox 905 1988 1127 1996">
     <span class='ocr_line' id='line_1_63' title="bbox 905 1988 1127 1996; baseline 0 0"><span class='ocrx_word' id='word_1_591' title='bbox 905 1988 1127 1996; x_wconf 95' lang='lat' dir='ltr'> </span> 
     </span>
    </p>
   </div>
   <div class='ocr_carea' id='block_1_12' title="bbox 175 2431 384 2441">
    <p class='ocr_par' dir='ltr' id='par_1_19' title="bbox 175 2431 384 2441">
     <span class='ocr_line' id='line_1_64' title="bbox 175 2431 384 2441; baseline 0 0"><span class='ocrx_word' id='word_1_592' title='bbox 175 2431 384 2441; x_wconf 95' lang='lat' dir='ltr'> </span> 
     </span>
    </p>
   </div>
  </div>
 </body>
</html>
