1500 2820
177 399 218 431 10

173 735 212 764 15

167 1070 208 1101 20

159 1773 200 1804 30

673 227 716 271 Q.
736 229 952 268 HORATII
968 229 1149 270 FLAGOI

437 331 629 386 suspiret:
656 332 804 383 „eheu‚
829 349 879 376 ne
903 335 1014 378 rudis
1039 338 1246 393 agminum

438 405 610 446 sponsus
635 392 808 436 lacessat
831 396 967 452 regius
992 413 1180 454 asperum

490 459 600 494 tactu
623 454 800 506 leonem,
826 471 947 510 quem
971 466 1136 502 eruenta

543 529 616 570 per
638 517 792 559 medias
816 519 921 574 rapit
942 520 1003 562 ira
1026 522 1222 564 caedesl“

433 602 549 645 dulce
574 613 613 645 et
638 606 827 648 decorum
852 615 913 651 est
935 623 1009 664 pro
1031 612 1162 666 patria
1184 615 1304 657 mori:

432 678 539 706 mors
564 672 605 706 et
627 666 814 722 fugacem
839 671 1093 725 persequitur
1114 674 1258 724 virum,

487 740 563 767 nee
586 729 714 782 parcit
736 729 909 773 imbellis
934 732 1120 776 iuventae

540 789 760 844 poplitibus
786 792 1006 848 timidoque
1029 801 1156 852 tergo.

429 877 574 928 virtus,
599 879 785 934 repulsae
809 883 945 924 nescia
969 885 1166 936 sordidae,

429 939 676 982 intaminatis
701 941 831 998 fulget
854 943 1088 996 honoribus,

482 1015 557 1042 nec
581 1002 704 1043 sumit
727 1010 796 1044 aut
819 1005 932 1059 ponit
956 1021 1118 1050 secures

537 1062 700 1105 arbitrio
723 1065 929 1120 popularis
954 1083 1086 1111 aurae.

426 1152 572 1202 virtus,
598 1153 808 1197 recludens
832 1156 1042 1200 immeritis
1065 1161 1166 1202 mori

425 1213 599 1264 caelum,
624 1222 773 1271 negata
795 1223 922 1259 tentat
944 1219 1020 1260 iter
1041 1221 1119 1271 via,

483 1282 701 1330 coetusque
725 1277 915 1334 vulgares
939 1286 979 1321 et
1001 1281 1126 1323 udam

537 1338 690 1392 spernit
713 1338 882 1381 humum
906 1340 1088 1397 fugiente
1111 1358 1255 1400 penna.

422 1431 484 1467 est
508 1432 548 1467 et
570 1426 679 1468 fideli
703 1434 789 1470 tuta
813 1429 971 1472 silentio

424 1502 590 1530 meroes.
616 1489 780 1540 vetabo,
806 1491 875 1544 qui
901 1491 1061 1535 Cereris
1086 1509 1245 1537 sacrum

478 1549 651 1605 vulgarit
675 1565 862 1602 areanae,
888 1553 964 1595 sub
987 1555 1118 1597 isdem

534 1611 585 1652 sit
610 1611 790 1654 trabibus
815 1613 1082 1670 fragilemque
1105 1632 1264 1660 meeum

422 1700 553 1742 solvat
574 1701 800 1756 phaselum.
826 1719 947 1759 saepe
970 1705 1181 1761 Diespiter

419 1763 626 1818 neglectus
649 1764 804 1807 incesto
827 1767 982 1808 addidit
1004 1769 1224 1824 integrum3

472 1839 563 1866 raro
587 1827 890 1869 antecedentem
915 1829 1130 1872 scelestum

529 1886 706 1929 deseruit
728 1889 832 1943 pede
855 1904 988 1944 poena
1010 1891 1167 1934 claudo.

704 2035 961 2077 CARMEN
989 2039 1070 2078 ΠΙ.

554 2130 621 2161 AD
648 2130 916 2164 CAESAREM
940 2133 1224 2168 AUGUSTUM·

414 2211 574 2253 Iustum
598 2219 638 2254 et
661 2219 843 2256 tenacem
866 2218 1063 2272 propositi
1085 2218 1216 2260 virum

415 2288 498 2315 non
520 2274 670 2316 civium
693 2276 812 2317 ardor
833 2292 959 2332 prava
981 2278 1220 2330 iubentium,

469 2349 551 2376 non
573 2335 710 2378 vultus
734 2337 920 2381 instantis
945 2342 1105 2395 tyranni

523 2403 656 2439 mente
680 2399 809 2452 quatit
832 2401 978 2452 solida,
1004 2417 1135 2457 neque
1157 2403 1323 2455 Auster,

415 2486 498 2527 dux
521 2487 690 2540 inquieti
714 2489 897 2532 turbidus
921 2491 1115 2542 Hadriae,

411 2562 486 2588 nec
510 2548 761 2592 fulminantis
786 2566 935 2607 magna
959 2568 1102 2595 manus
1126 2554 1256 2604 Iovis3

468 2609 502 2650 si
525 2609 678 2651 fractus
701 2611 889 2654 illabatur
912 2614 1033 2664 orbis,

522 2671 771 2728 impavidum
796 2673 939 2716 ferient
963 2676 1114 2718 ruinae.
