1546 2820
473 150 747 191 GARMJNUM
770 149 869 188 LIB.
889 149 919 186 Ι.

7 261 93 314 fib
114 265 256 309 divum
278 262 450 320 rapiam.
477 275 602 304 saeva
625 264 720 301 tene
745 272 841 300 cum
864 253 1115 311 Berecyntio

17 331 141 388 mu
163 334 378 384 tympana,
404 338 511 380 quae
536 320 803 376 subsequitur
827 333 976 362 caecus
999 316 1135 360 Amor
1160 316 1238 366 sui,

0 413 11 433 2·
75 389 223 434 tollens
246 402 427 431 vacuum
449 386 544 442 plus
567 384 696 426 nimio
723 381 869 426 Gloria
891 381 1102 431 verticem,

5 476 9 484 ·
55 463 57 465 ’
137 453 232 508 ’que
255 451 382 494 Fides
406 449 599 506 prodiga,
625 445 875 504 perlucidior
897 445 1016 487 vitro.

486 622 750 664 CARMEN
779 621 904 660 XIX.

445 720 525 753 AD
571 718 945 752 GLYCERAM.

183 806 322 849 Mater
346 820 471 848 saeva
496 802 754 860 Cupidinum

240 868 548 923 Thebanaeque
571 866 688 909 iubet
710 881 778 908 me
805 863 992 908 Semeles
1017 877 1121 920 puer

185 938 226 976 et
248 932 406 975 lasciva
426 930 623 974 Licentia

240 995 366 1038 finitis
392 995 575 1037 animum
598 993 771 1036 reddere
796 991 1021 1035 amoribus.

183 1087 265 1131 urit
288 1102 355 1130 me
381 1086 585 1143 Glycerae
610 1086 717 1128 nitor
914 1135 921 1140 ,

243 1150 497 1208 splendentis
521 1149 646 1192 Pario
670 1163 876 1191 marmore
899 1148 1064 1204 purius;

184 1214 266 1257 urit
289 1219 409 1271 grata
430 1213 677 1270 protervitas

244 1283 286 1320 et
308 1277 448 1320 vultus
472 1277 646 1318 nimium
670 1275 853 1318 lubricus
879 1275 1051 1332 adspici.

185 1370 230 1413 in
252 1384 319 1412 me
343 1375 430 1412 tota
452 1384 576 1411 ruens
602 1367 747 1410 Venus

245 1432 433 1490 Cyprum
457 1432 657 1483 deseruit,
682 1447 759 1474 nec
782 1432 937 1488 patitur
963 1430 1144 1488 Scythas

189 1503 229 1540 et
252 1496 384 1540 versis
410 1496 644 1539 animosum
669 1495 786 1551 equis

244 1560 447 1604 Parthum
471 1561 628 1612 dicere,
653 1575 731 1603 nec
756 1575 863 1616 quae
888 1559 990 1602 nihil
1015 1559 1200 1601 attinent.

189 1653 258 1696 hic
280 1653 422 1695 vivum
448 1652 550 1694 mihi
574 1652 792 1708 cespitem,
818 1652 887 1694 hic

244 1715 465 1767 verbenas,
490 1716 626 1772 pueri,
651 1715 793 1772 ponite
817 1715 1021 1770 thuraque

190 1778 292 1822 bimi
314 1793 410 1821 cum
432 1785 576 1835 patera
598 1779 702 1821 meri
709 1795 721 1830 3

245 1847 423 1884 mactata
447 1842 585 1884 veniet
607 1841 738 1884 lenior
760 1842 908 1885 hostia.

505 2010 770 2052 CARMEN
799 2012 902 2051 XX.

323 2107 393 2139 AD
421 2107 465 2140 c.
493 2108 701 2142 CILNIUM
723 2109 1092 2141 MAECENATEM.

251 2190 345 2233 Vile
368 2191 532 2248 potabis
556 2192 730 2235 modicis
757 2191 963 2236 Sabinum

250 2254 476 2306 cantharis,
504 2253 668 2299 Graeca
690 2257 803 2312 quod
827 2272 905 2314 ego
929 2257 1020 2313 ipse
1045 2263 1153 2300 testa

251 2317 463 2360 conditum
484 2318 586 2370 levi,
612 2320 733 2362 datus
757 2320 800 2362 in
825 2320 985 2362 theatro

336 2395 465 2437 quum
489 2382 565 2426 tibi
587 2383 774 2440 plausus,

251 2487 346 2515 care
367 2472 594 2517 Maecenas
620 2489 766 2530 eques,
791 2482 838 2517 ut
861 2476 1022 2532 paterni

252 2534 431 2579 fluminis
454 2537 569 2593 ripae
594 2539 718 2580 simul
743 2546 783 2581 ct
805 2539 948 2581 iocosa

253 2598 442 2641 redderet
463 2599 607 2643 laudes
633 2601 708 2644 tibi
731 2601 925 2644 Vaticani

338 2662 488 2704 montis
512 2663 664 2721 imago.

0 2743 47 2820 ἱ
97 2725 247 2756 Heroum.
1142 2739 1166 2775 2

1322 136 1374 180 17

1403 391 1446 423 15

1412 1441 1456 1474 10

1415 1789 1458 1822 15
