1500 2820
415 199 630 238 EPODON
642 197 810 236 LIBER.
1211 183 1293 227 103

295 539 351 590 Q.
380 535 659 579 HORATII
693 533 926 574 FLACCI

186 662 1046 751 EPODON

507 825 727 862 LIBER.

453 1007 711 1049 OARMEN
739 1007 778 1046 Ι.

349 1105 425 1138 AD
461 1103 883 1138 MAECENATEM.

47 1190 134 1235 Ibis
157 1189 360 1234 Liburnis
382 1189 491 1232 inter
514 1189 598 1232 alta
620 1187 803 1239 navium,

103 1254 253 1305 amice,
277 1252 604 1311 propugnacula,

47 1324 216 1376 paratus
241 1332 364 1360 omne
389 1316 584 1360 Caesaris
609 1315 839 1372 perieulum

104 1379 261 1432 subire,
285 1379 532 1431 Maecenas,
558 1386 643 1422 tuo.

49 1444 148 1502 quid
168 1459 264 1496 nos,
290 1443 443 1500 quibus
467 1450 508 1486 te
531 1443 618 1486 vita
641 1443 677 1485 si
702 1443 935 1494 superstite,
1326 1456 1345 1486 5

105 1507 305 1560 iucunda3
331 1508 367 1550 si
390 1513 552 1558 contra,
577 1506 744 1564 gravis?

49 1577 237 1615 utrumne
259 1572 365 1615 iussi
386 1586 685 1628 persequemur
708 1570 851 1621 otium,

104 1650 188 1678 non
211 1635 350 1687 dulce,
375 1635 420 1677 ni
443 1641 582 1677 tecum
607 1634 756 1677 simul?

50 1712 104 1742 an
124 1698 236 1742 hunc
257 1697 443 1742 laborem
466 1704 604 1740 mente
628 1697 752 1740 laturi
776 1697 896 1740 decet

105 1775 188 1816 qua
210 1761 319 1804 ferre
341 1775 427 1804 non
450 1760 596 1803 molles
620 1760 758 1803 viros?
1330 1772 1372 1802 10

50 1822 229 1867 feremus
254 1830 295 1867 et
318 1830 359 1866 te
382 1823 450 1866 vel
472 1837 548 1879 per
570 1822 745 1880 Alpium
769 1824 870 1881 iuga

104 1886 395 1943 inhospitalem
419 1893 460 1929 et
485 1885 724 1929 Caucasum

50 1949 117 1993 vel
139 1950 365 1993 occidentis
389 1964 524 2005 usque
548 1950 602 1992 ad
624 1950 816 1992 ultimum
842 1949 979 1992 sinum

107 2012 205 2055 forti
229 2028 451 2068 sequemur
472 2019 652 2069 pectore.

51 2090 193 2133 roges,
218 2082 337 2118 tuum
360 2075 502 2118 labore
526 2076 627 2131 quid
650 2076 790 2118 iuvem
814 2091 921 2127 meo,
1331 2088 1370 2119 15

108 2138 288 2182 imbellis
313 2154 363 2181 ac
387 2139 530 2182 firmus
555 2140 728 2196 parum?

53 2215 192 2245 comes
216 2202 374 2245 minore
400 2218 493 2244 sum
516 2202 681 2246 futurus
706 2204 749 2246 in
773 2210 900 2255 metu,

109 2265 181 2320 qui
204 2265 336 2308 maior
358 2265 551 2308 absentes
575 2265 720 2309 habet:

52 2333 100 2369 ut
123 2327 312 2370 assidens
337 2327 606 2385 implumibus
630 2330 755 2386 pullis
781 2331 870 2373 avis

110 2390 363 2446 serpentium
386 2391 569 2452 allapsus
594 2393 712 2436 timet
1329 2405 1374 2436 20

53 2453 187 2509 magis
212 2453 382 2506 relictis,
407 2469 510 2506 non,
536 2462 582 2498 ut
605 2457 732 2508 adsit,
759 2456 887 2499 auxili

110 2515 244 2558 latura
267 2517 360 2573 plus
384 2519 684 2574 praesentibus.

54 2577 230 2621 libenter
252 2579 331 2623 hoc
355 2589 396 2623 et
420 2597 541 2625 omne
565 2582 808 2626 militabitur

110 2641 267 2684 bellum
290 2643 334 2685 in
357 2650 451 2687 tuae
477 2660 594 2702 spem
617 2646 795 2703 gratiae3

0 2727 3 2732 ν
56 2718 140 2747 non
162 2710 208 2747 ut
231 2705 417 2750 iuvencis
441 2707 600 2765 illigata
622 2709 810 2765 pluribus
1332 2719 1375 2751 25

0 2762 48 2820 '1³:42
