1500 2820
0 2610 15 2637 ὒῐ

13 2643 18 2656 i

18 2674 34 2702 1.,

27 2724 39 2745 ὀ
46 2743 47 2746 ,

391 196 874 236 ᾞἛΜΜΠΜΒΒᾸΠ

153 300 474 354 desiderantem,
499 302 612 358 quod
636 301 736 345 satis
760 309 843 354 est,
868 317 1003 359 neque

67 378 74 392 ²
151 365 452 409 tumultuosum
476 365 666 409 sollicitat
689 380 815 417 mare,

205 443 284 472 nec
309 443 460 472 saevus
481 427 653 471 Arcturi
676 429 861 471 cadentis

260 491 440 549 impetus
464 497 536 535 aut
559 491 727 534 orientis
751 491 904 543 Haedi,

146 597 233 626 non
253 582 493 627 verberatae
517 584 718 641 grandine
742 584 887 626 vineae

149 645 385 701 fundusque
408 646 606 698 mendax,
633 646 779 689 arbore
802 662 913 690 nunc
937 662 1067 703 aquas

204 709 413 765 culpante,
437 724 548 752 nunc
571 710 767 752 torrentia
791 725 913 767 agros

261 772 414 824 sidera,
438 787 549 816 nunc
572 773 730 816 hiemes
754 773 930 828 iniquas.

148 868 356 906 contracta
378 863 516 920 pisces
540 878 721 918 aequora
746 864 940 915 sentiunt,

145 925 262 968 iactis
285 926 328 968 in
352 926 481 968 altum
504 927 704 978 molibus3
729 927 811 969 huc
835 927 1032 983 frequens

203 996 415 1032 caementa
438 990 615 1032 demittit
639 991 846 1032 redemtor

258 1067 353 1095 cum
377 1053 563 1104 famulis,
590 1054 864 1108 dominusque
889 1060 1020 1097 terrae

145 1143 405 1188 fastidiosus:
431 1145 506 1187 sed
529 1145 674 1188 Timor
698 1156 738 1188 et
761 1145 906 1189 Minae

145 1208 347 1250 scandunt
371 1209 536 1260 eodem,
561 1223 644 1263 quo
669 1209 882 1262 dominus;
906 1225 1041 1266 neque

201 1271 362 1313 decedit
386 1278 525 1314 aerata
548 1272 722 1323 triremi,
748 1279 790 1315 et

254 1341 351 1391 post
375 1335 556 1389 equitem
580 1335 697 1378 sedet
720 1341 809 1378 atra
835 1335 960 1380 Cura.

146 1426 294 1480 quodsi
318 1426 526 1469 dolentem
549 1441 627 1469 nec
649 1426 861 1484 Phrygius
885 1428 1005 1484 lapis,

142 1503 220 1531 nec
241 1503 516 1545 purpurarum
542 1490 676 1532 sidere
701 1491 849 1534 clarior

199 1551 352 1594 delenit
375 1568 477 1595 usus
501 1567 579 1595 nec
602 1553 780 1596 Falerna

255 1615 351 1657 vitis
375 1614 787 1672 Achaemeniumque
811 1623 987 1669 costum,

141 1719 214 1748 cur
234 1706 468 1749 invidendis
492 1707 682 1763 postibus
707 1716 748 1751 et
770 1723 880 1752 novo

143 1768 317 1812 sublime
340 1770 422 1812 ritu
445 1771 591 1814 moliar
614 1772 789 1814 atrium?

198 1847 270 1874 cur
292 1833 399 1875 valle
422 1841 654 1889 permutem
680 1833 839 1878 Sabina

253 1895 416 1938 divitias
441 1897 723 1953 operosiores'?

447 2047 710 2088 CARMEN
738 2050 799 2088 II.

389 2144 482 2176 AD
531 2144 668 2176 AMI
695 2145 723 2178 c
750 2145 780 2179 o
807 2147 853 2180 S.

140 2225 378 2282 Angustam
401 2227 531 2270 amice
555 2230 794 2286 pauperiem
819 2232 906 2288 pati

140 2287 332 2332 robustus
357 2291 442 2332 acri
464 2291 610 2334 militia
632 2308 737 2349 puer

195 2352 423 2404 condiscat,
449 2360 490 2396 et
512 2353 691 2399 Parthos
716 2356 875 2401 feroces

251 2422 374 2458 vexet
397 2431 523 2472 eques
547 2420 794 2463 metuendus
818 2421 952 2473 hasta,

137 2505 347 2561 vitamque
371 2508 448 2552 sub
473 2509 570 2553 divo
594 2517 635 2553 et
657 2513 828 2568 trepidis
853 2519 951 2570 agat

137 2569 182 2611 in
202 2569 340 2612 rebus.
364 2571 480 2615 illum
505 2588 557 2616 ex
580 2575 797 2618 moenibus
822 2576 993 2620 hosticis

195 2640 383 2677 matrona
405 2634 595 2679 bellantis
621 2639 783 2693 tyranni

249 2697 504 2754 prospiciens
529 2706 570 2741 et
598 2701 739 2744 adulta
761 2703 879 2758 virgo

1015 2776 1071 2813 4³59

1261 189 1312 232 51

1341 314 1385 346 25

1339 658 1382 691 30

1320 1006 1377 1037 ,35

1332 1350 1376 1382 40

1330 1724 1374 1755 45
