1572 2756
0 431 1 436 ¹
62 429 247 457 manorum
253 421 331 452 tam
338 415 434 451 domi
441 425 551 461 quam
557 410 773 463 inGraecia‚

594 109 632 144 Q·
656 107 816 137 HORA'm
838 105 979 133 FLACCI
1458 98 1513 130 XI

61 193 184 229 lumus
199 190 274 226 iam
289 187 364 224 ista
383 185 507 223 omnia
523 182 701 231 persequi
717 181 773 217 ul·
799 175 1424 226 consequereturlibertatem‚unde
1431 185 1516 221 poe-

61 237 196 283 terius3
219 233 310 271 satis
323 236 382 270 est
393 243 462 279 pro
478 229 634 267 consilio
642 232 772 264 nostro
796 231 836 262 ta
849 227 930 272 ipse
946 225 1023 260 Sat.
1036 224 1066 259 1.
1074 223 1107 268 6,
1116 223 1148 258 6.
1162 221 1259 258 et45.
1274 225 1387 267 atque
1395 220 1516 266 Epist.

62 281 192 331 paucis
204 278 435 326 exposuisse,
444 286 627 324 quaenam
634 273 775 310 fuerint
797 273 827 308 I.
840 273 897 317 20,
912 271 967 306 20.
981 280 1064 305 sese
1078 268 1254 303 libertino
1296 271 1375 302 atre
1388 270 1517 301 natum

63 331 142 367 fere
158 326 233 363 iuis
250 329 327 362 tem
356 324 484 360 oribus
502 320 686 357 litteraria
698 323 773 354 stu-
799 329 882 354 esse
896 319 1024 363 aperte
1038 313 1247 361 profitetur.
1304 316 1440 347 unctus
1454 323 1517 347 au-

65 376 137 423 dis,
151 382 247 421 quae
260 336 521 407 adolescentes
533 365 687 414 ingenui
699 365 774 400 Ro-
797 367 873 400 tem
909 365 1017 408 pater
1053 359 1235 395 Horatius
1273 362 1331 393 est
1364 368 1518 393 munere

799 409 980 448 coactoris,
995 417 1070 460 quo
1084 404 1233 441 nomine
1242 403 1424 450 appellati
1432 406 1520 438 sunt

65 475 138 517 quo
154 463 262 500 multi
280 460 451 497 discendi
464 469 599 495 caussa
610 467 775 504 peregn-
800 455 862 502 qui
876 463 1058 500 pecumas
1073 451 1274 504 cogebant,
1282 450 1321 484 id
1336 453 1404 493 est,
1415 449 1519 484 colli-

61 511 259 554 nabantur,
272 511 434 543 tractare
448 503 724 541 consueverint.
801 501 961 548 gebant,
993 498 1160 543 inprimis
1191 496 1231 531 in
1262 494 1519 539 auctionibus3

95 555 203 592 Haec
232 553 349 600 igitur
378 550 575 597 disciplina
603 547 775 584 iuvenilis
801 545 1008 582 cuiusmodi
1021 543 1191 578 homines
1205 541 1295 576 dicti
1310 544 1397 575 sunt
1409 540 1521 575 etiam

61 600 256 648 republica
263 598 472 635 tumadhuc
481 599 604 631 stante
616 594 777 630 necdum
801 591 1004 633 collectarii,
1019 589 1116 624 sicut
1131 587 1366 623 Scholiastae
1378 589 1519 621 testan-

61 647 174 695 plane
193 656 326 682 eversa
342 653 460 690 usque
486 640 691 678 laetissime
710 638 776 674 fio·
801 642 862 673 tur
880 637 929 672 ad
949 635 1026 671 Sat.
1038 634 1068 679 I,
1083 635 1116 678 6,
1130 634 1184 669 86.
1203 633 1269 668 ubi
1288 635 1418 678 poeta:
1442 632 1521 666 Nec

61 693 149 739 ruit,
167 695 210 727 ut
231 702 278 727 ea
289 689 448 726 Horatio
469 686 649 734 singulari
662 685 777 720 fortu-
803 684 912 719 timuit
926 682 1067 728 (pater)
1082 681 1156 725 sibi,
1175 691 1218 713 ne
1232 679 1311 713 vitio
1326 678 1401 724 quis
1414 683 1522 712 verte-

62 749 134 775 nae
163 735 349 774 beneficio
380 733 563 781 obtigisse
594 732 777 767 videatur.
802 735 853 765 ret
870 730 961 771 olim,
981 729 1013 762 si
1025 737 1154 772 praeco
1163 736 1298 771 parvas
1311 729 1382 764 aut,
1402 729 1440 757 ut
1456 724 1522 768 fuit

65 783 139 828 Qui
163 782 194 818 si
212 787 277 818 aut
300 781 451 817 saeculo
476 782 564 814 ante
583 781 649 813 aut
666 777 778 812 etiam
802 768 1522 822 ipse‚coactormercedessequerer.Quam-

62 829 192 877 paullo
205 831 294 875 post
306 830 468 863 aetatem
480 825 585 860 illam
597 827 708 858 natus
722 833 778 857 es·
804 832 917 867 quam
930 820 976 855 de
990 817 1140 853 Horatii
1152 819 1259 863 patre
1274 815 1305 850 si
1319 814 1521 861 quaeritur,

65 879 134 920 set,
156 877 255 911 certe
274 884 351 909 non
363 883 446 908 eam
467 869 619 906 colendi
636 867 780 915 ingenii
804 878 892 902 num
906 865 952 901 de
973 863 1190 900 auctionum
1203 862 1406 896 collectore
1422 860 1523 906 cogi-

65 921 123 956 sui
136 919 282 966 copiam
294 921 394 954 esset
405 920 552 962 nactus,
568 914 689 962 qualis
702 918 780 948 tum
803 912 958 948 tandum
989 910 1054 955 sit,
1085 920 1162 944 non
1190 911 1330 943 temere
1362 906 1524 941 dubites.

63 966 137 1013 ipsi
161 963 348 1018 suppetiit.
394 963 491 999 Nam
516 961 664 997 exculta
689 970 779 995 sane
806 957 944 994 Scribit
963 956 1061 992 enim
1075 953 1274 990 Suetonius
1294 952 1332 987 in
1344 952 1434 988 Vita
1446 951 1523 986 Ho-

63 1015 143 1048 tum
159 1011 232 1047 fmt
249 1010 357 1045 istius
377 1008 597 1054 disciplinae
616 1005 711 1041 ratio
732 1005 780 1040 ad
804 1003 902 1048 ratii,
925 1006 1070 1049 patrem
1083 999 1231 1036 Horatii
1244 998 1362 1033 fuisse
1376 999 1524 1032 exactio-

65 1065 368 1102 summamusque
381 1052 779 1100 praestantiam3quae
804 1062 887 1084 num
911 1054 1115 1083 coactorem.
1171 1045 1282 1087 Quod
1311 1044 1442 1078 mirum
1467 1046 1526 1078 est

66 1106 297 1150 quantopere
322 1111 408 1136 mox
430 1099 518 1135 inde
544 1099 592 1134 ab
617 1095 781 1142 Augusti
807 1095 978 1132 Gesnero
1010 1096 1163 1128 auctore
1194 1101 1314 1136 nuper
1342 1092 1525 1124 mutatum

66 1152 191 1184 aetate
208 1150 352 1183 mutata
372 1145 431 1191 sit,
451 1145 512 1181 vel
526 1156 571 1180 ex
583 1143 628 1178 iis
641 1142 780 1178 intelli-
807 1152 889 1177 esse
909 1140 948 1176 in
967 1140 1223 1179 exaudientem,
1243 1135 1405 1171 conficto
1425 1145 1524 1170 novo

66 1205 153 1242 gas,
183 1203 280 1240 quae
310 1191 476 1227 breviter
506 1191 552 1226 de
584 1189 644 1224 his
668 1188 781 1223 rebus
807 1198 960 1233 prorsus
985 1189 1024 1220 et
1046 1183 1193 1219 Latinis
1219 1182 1388 1217 inaudito
1414 1190 1525 1215 voca-

68 1238 243 1286 exposuit
260 1236 483 1283 Bernhardy
501 1236 526 1270 l.
541 1246 572 1271 c.
590 1246 628 1281 p.
642 1234 686 1269 75
700 1246 716 1268 s
774 1260 781 1267 .
808 1233 910 1268 bulo.
945 1231 1133 1268 Videntur
1164 1228 1302 1275 quippe
1333 1228 1525 1262 exactiones

69 1284 169 1321 conf.
183 1283 304 1319 Tacit.
317 1282 469 1329 Dialog.
493 1281 553 1317 De
567 1280 668 1316 Orat.
683 1290 714 1314 c.
747 1245 782 1314 ξ.
807 1277 1076 1323 intelligendae
1096 1285 1179 1310 esse
1199 1274 1391 1309 mactiones
1410 1273 1526 1319 publi-

68 1334 107 1366 et
116 1330 173 1366 30.
198 1328 350 1372 Quintil.
369 1328 460 1363 Inst.
478 1327 508 1362 Ι.
528 1327 561 1371 2,
582 1325 694 1361 6-8.
734 1324 784 1359 Et
808 1337 879 1369 cae,
915 1323 1046 1370 quales
1070 1323 1251 1356 memorat
1275 1319 1399 1354 Pollio
1425 1318 1527 1363 apud

66 1375 162 1412 favit
171 1375 229 1410 illi
240 1372 522 1410 fortunahacin
534 1382 574 1408 re
583 1371 695 1407 etiam
708 1370 783 1406 alia
809 1369 978 1405 Ciceron.
998 1367 1118 1413 Epist.
1137 1366 1241 1402 Fam.
1260 1364 1308 1399 X.
1328 1364 1395 1409 32„
1414 1363 1469 1398 ita
1486 1367 1527 1398 ut

67 1433 113 1458 ex
123 1423 242 1474 parte,
256 1418 572 1466 quandoquidem,
587 1428 701 1464 quum
717 1416 783 1451 hu·
809 1416 855 1450 de
875 1413 1127 1460 vectigalibus
1146 1423 1192 1447 ac
1210 1410 1360 1445 tributis
1373 1409 1526 1470 publice

66 1467 145 1503 mih
174 1467 260 1502 loco
284 1469 395 1500 natus
426 1467 544 1509 esset,
580 1466 706 1498 tamen
731 1462 785 1496 ita
809 1460 1003 1507 exigendis
1013 1457 1362 1509 cogitarioporteat.
1383 1454 1527 1490 salium

67 1513 248 1549 educatus
261 1515 300 1547 et
311 1510 504 1546 institutus
519 1512 588 1554 est,
607 1512 650 1543 ut
661 1507 784 1543 hocin
808 1507 923 1553 igitur
932 1505 1164 1541 exactionum
1170 1500 1527 1546 mmisterpaterHo-

68 1569 206 1606 genere
235 1557 348 1603 plane
380 1556 629 1602 ingenuorum
659 1553 784 1589 adole·
809 1550 1163 1597 ratiiutiquefuisse
1173 1547 1442 1584 existimandus
1457 1549 1526 1591 est,

69 1603 252 1640 scentium
264 1601 447 1638 felicitate
467 1612 558 1636 usus
580 1599 637 1635 sit.
675 1598 786 1641 Quod
812 1598 995 1645 siquidem
1005 1595 1187 1631 Suetonio
1202 1594 1363 1629 nolimus
1376 1595 1529 1638 praeter

69 1649 219 1697 quidem
250 1659 325 1695 qua
347 1647 492 1683 ratione
516 1646 570 1681 ita
594 1644 785 1690 acciderit,
812 1654 986 1679 caussam
1020 1641 1195 1677 idoneam
1234 1650 1381 1675 omnem
1414 1637 1529 1674 fidem

68 1694 199 1742 paucis
213 1693 433 1747 exposuisse
447 1691 602 1727 iuvabit.
812 1689 1039 1725 abiudicare.
1076 1686 1255 1723 Nimirum
1269 1685 1300 1719 is
1314 1684 1416 1737 quod
1428 1683 1530 1729 apud

102 1741 193 1777 Fuit
215 1740 329 1786 igitur
351 1743 460 1784 pater
478 1736 628 1773 Horatii
646 1734 786 1771 liberti·
811 1736 932 1782 ipsum
945 1732 1144 1769 Horatium
1158 1731 1292 1766 dicitur
1312 1730 1530 1775 simpliciter

69 1797 153 1832 nus,
179 1796 252 1832 quo
277 1785 428 1820 nomine
452 1783 634 1819 natalium
657 1781 788 1817 habita
813 1787 970 1822 coactor,
1007 1779 1047 1814 id
1078 1790 1123 1814 ex
1153 1777 1317 1823 antiquis
1357 1775 1529 1811 fontibus

69 1832 215 1868 ratione
225 1830 316 1866 dicti
329 1834 418 1865 sunt
429 1829 467 1874 ii,
477 1829 594 1876 quiex
606 1828 787 1863 iustaser-
813 1827 960 1863 videtur
1002 1824 1215 1860 accuratius
1254 1822 1528 1868 explanavisse,

71 1877 188 1913 vitute
200 1876 418 1912 manumissi
431 1878 570 1920 essent,
586 1884 788 1919 eorumque
814 1884 927 1920 quum
942 1871 1179 1906 Scholiastae
1199 1868 1336 1914 aliique
1349 1868 1529 1913 interpre-

72 1922 142 1958 filii
160 1925 272 1968 atque
291 1921 476 1968 posteri;1
509 1931 733 1967 quamquam
750 1918 789 1953 hi
812 1923 870 1953 tes
889 1918 974 1953 ideo
995 1916 1156 1952 fortasse
1177 1915 1223 1950 de
1243 1914 1456 1948 auctionibus
1470 1924 1530 1948 co-

73 1969 128 2004 ita
170 1967 350 2014 appellati
392 1970 479 2002 sunt
518 1966 633 2012 vulgo
674 1964 790 2010 Appii
814 1963 1027 2010 gitaverint,
1050 1961 1139 2008 quia
1158 1961 1182 1995 1.
1203 1972 1233 1995 c.
1246 1960 1285 1994 in
1305 1960 1437 1994 eodem
1450 1969 1530 1993 ver-

75 2013 189 2050 Coeci
206 2017 351 2048 tantum
368 2011 600 2058 temporibus
619 2021 663 2045 ac
688 2010 789 2045 dein—
816 2009 933 2044 siculo
955 2008 1067 2044 etiam
1092 2005 1290 2052 praeconis
1315 2004 1454 2040 mentio
1474 2004 1529 2049 fit,

76 2070 164 2113 ceps
179 2058 229 2094 ali
255 2057 419 2103 uamdiu,
433 2058 509 2092 h.e.
519 2057 670 2092 saeculo
686 2056 790 2102 quin·
816 2065 977 2102 quocum
1003 2057 1157 2088 exactor
1187 2051 1401 2086 auctionum
1450 2061 1530 2085 rae-

74 2105 236 2141 tomdea
275 2104 369 2139 urbe
378 2102 790 2147 conditamedio,quum
816 2102 915 2136 clare
946 2099 1049 2134 visus
1081 2101 1139 2134 est
1170 2097 1381 2132 convenire.
1452 2100 1533 2131 ater

102 2150 237 2187 osteris
262 2149 494 2195 temporibus
518 2159 586 2194 pro
616 2146 790 2194 ingenuis
815 2147 928 2193 igitur
940 2144 1101 2189 Horatii,
1117 2155 1229 2190 quum
1241 2142 1453 2178 Venusiael
1466 2142 1531 2177 tali

74 2163 315 2239 gabarentur,
342 2195 389 2230 de
415 2205 490 2241 qua
513 2205 553 2230 re
578 2205 610 2228 v.
637 2192 789 2228 Sueton.
816 2202 967 2227 munere
981 2191 1135 2225 functus
1150 2189 1208 2233 sit,
1228 2188 1341 2223 facile
1356 2187 1532 2233 intelligi-

75 2241 207 2323 glaullxi.
238 2239 406 2321 cagLsstfe.
417 2239 570 2320 Ιξὲὶὲἓθ
603 2239 722 2291 intpp.
754 2242 791 2273 et
814 2242 886 2291 tur,
900 2248 979 2273 rem
996 2235 1114 2282 ipsius
1134 2234 1355 2270 familiarem
1375 2245 1451 2285 non
1465 2244 1531 2279 po-

79 2297 557 2386 spffisstssrassparssi'patieni
565 2285 791 2366 H‘ssssssssffi‘ssi?
816 2279 1533 2374 3¹53{Ziffinisssgssgsssssiffessssssffls‘

76 2378 152 2414 huc
163 2389 204 2413 in
218 2377 394 2414 servitute
408 2377 556 2422 vixisse,
570 2387 690 2422 usque
705 2376 791 2410 dum
816 2386 892 2410 non
905 2374 998 2409 nihil
1018 2384 1130 2418 opum
1145 2382 1362 2417 comparare
1383 2370 1454 2405 sibi
1466 2381 1532 2416 po-

816 2419 1086 2465 tuit‚siquidem
1093 2421 1286 2453 exactores
1295 2416 1534 2461 vectigalium

77 2458 659 2526 fflfflf‘vffiffffggnffssffffiissffl
669 2457 792 2518 seseli?
816 2470 913 2502 teste
928 2465 1107 2500 Cicerone
1123 2464 1225 2499 Orat.
1243 2473 1311 2508 pro
1325 2462 1480 2497 Rabirio
1502 2474 1533 2497 c.

80 2527 221 2560 evulgatis
234 2534 262 2560 p.
276 2528 292 2553 6
304 2534 377 2560 sqq„
393 2530 436 2553 est
449 2528 524 2553 euim
543 2534 678 2559 perquam
697 2526 791 2552 exilis.

77 2561 224 2588 Laudatur
241 2563 386 2593 praeterea
405 2561 439 2588 G.
452 2561 488 2587 N.
501 2561 624 2593 Kriegk:
650 2561 695 2586 De
713 2567 793 2593 pere-

851 2561 867 2585 1
891 2559 962 2584 Mira
981 2558 1058 2584 enim
1076 2559 1120 2583 est
1137 2556 1280 2583 sententia
1299 2562 1405 2586 eorum,
1425 2555 1471 2587 qui
1490 2555 1533 2587 ip·

80 2595 287 2629 grinauonlbus
309 2595 498 2622 Romanorum
522 2596 702 2621 academicis.
726 2595 792 2621 Jen.
818 2601 882 2620 sum
899 2594 1005 2619 Romae
1029 2593 1142 2618 demum
1167 2592 1314 2616 viventem
1338 2590 1414 2616 istud
1431 2597 1532 2615 munus

79 2631 157 2657 1⁷04.
171 2631 198 2656 4.
211 2636 294 2671 quem
306 2630 434 2656 libellum
446 2631 502 2663 ipsi
514 2637 572 2656 non
583 2630 717 2656 vidimus.
818 2628 924 2654 obiisse
938 2629 1080 2657 statuunt:
1107 2632 1179 2657 quae
1198 2626 1294 2656 opinio
1315 2624 1419 2649 diserto
1433 2624 1533 2651 adver·

114 2665 131 2691 1
149 2671 178 2691 V.
191 2665 330 2691 Institutt.
343 2664 413 2691 Iust-
426 2664 449 2691 1.
463 2665 520 2691 Tit.
534 2665 559 2690 5.
819 2665 897 2689 satur
909 2663 1086 2695 antiquarum
1099 2661 1228 2687 vitarum
1242 2659 1418 2685 testimonio.
