1500 2820
419 167 691 207 CARMINUM
713 166 812 204 LIB.
830 166 880 202 H.

473 350 735 393 OARMEN
764 350 824 388 X.

349 450 418 484 AD
442 448 672 482 LlcmmM
694 447 956 481 MURENAM.

196 535 369 580 Rectius
393 534 528 584 vives,
553 532 712 583 Licini,
738 546 873 587 neque
898 531 1027 574 altum

197 613 360 656 semper
382 596 586 654 urgendo,
611 610 765 651 neque,
791 595 892 637 dum
914 594 1117 651 procellas

196 668 343 706 cautus
366 660 589 711 horrescis,
614 658 788 701 nimium
811 658 1038 715 premendo

279 724 412 768 litus
400 723 599 779 iniquum.

196 833 363 861 auream
386 815 574 872 quisquis
598 814 924 857 mediocritatem

196 880 348 939 diligit,
373 886 486 922 tutus
511 884 623 921 caret
646 877 823 920 obsoleti

198 943 388 987 sordibus
412 942 528 994 tecti,
555 947 667 984 caret
689 941 914 983 invidenda

282 1006 444 1050 sobrius
470 1005 576 1048 aula.

198 1099 364 1156 saepius
387 1098 522 1140 ventis
548 1097 728 1154 agitatur
751 1097 900 1154 ingens

196 1163 338 1220 pinus,
364 1168 406 1204 et
429 1161 564 1204 celsae
589 1160 779 1217 graviore
804 1175 905 1203 casu

197 1225 394 1268 decidunt
416 1230 571 1274 turres,
596 1223 832 1279 feriuntque
857 1239 1043 1267 summos

280 1288 456 1330 fulmina
478 1293 653 1329 montes.

197 1386 335 1437 sperat
357 1379 540 1430 infestis,
566 1379 712 1421 metuit
738 1379 931 1422 secundis

197 1443 368 1486 alteram
393 1448 545 1486 sortem
568 1442 674 1485 bene
698 1449 989 1498 praeparatum

197 1513 355 1563 pectus.
379 1506 578 1549 informes
603 1505 761 1548 hiemes
785 1506 945 1548 reducit

279 1570 484 1627 Iuppiter,
509 1569 621 1612 idem

199 1668 444 1704 summovet.
470 1676 572 1712 non,
599 1661 635 1703 si
658 1661 766 1703 male
790 1677 919 1713 nunc,
947 1668 988 1704 et
1011 1662 1110 1705 olim

200 1725 260 1768 sic
283 1725 372 1768 erit.
397 1725 607 1780 quondam
631 1724 788 1767 cithara
811 1731 1017 1768 tacentem

200 1788 371 1831 suscitat
394 1787 566 1830 Musam
589 1802 724 1843 neque
750 1803 914 1844 semper
938 1804 1078 1832 arcum

282 1851 415 1894 tendit
437 1850 606 1907 Apollo.

199 1942 324 1985 rebus
350 1941 538 1999 angustis
563 1942 775 1985 animosus
799 1948 923 1997 atque

199 2005 319 2049 fortis
344 2020 517 2061 appare3
543 2005 750 2061 sapienter
771 2005 884 2047 idem

201 2067 417 2111 contrahes
441 2074 565 2110 vento
589 2068 763 2110 nimium
787 2069 970 2112 secundo

285 2131 453 2188 turgida
475 2130 580 2173 vela.

472 2304 734 2346 CARMEN
763 2308 844 2347 XI.

330 2400 399 2434 AD
427 2401 704 2442 QUINCTIUM
728 2404 986 2439 HIRPINUM.

207 2484 320 2540 Quid
343 2486 564 2531 bellicosus
591 2487 802 2532 Cantaber
825 2496 866 2532 et
890 2488 1082 2546 Scythes,

206 2548 384 2605 Hirpine
409 2549 597 2606 Quincti,
623 2552 794 2610 cogitet,
819 2552 983 2596 Hadria

262 2612 418 2655 divisus
442 2613 620 2666 obiecto,
644 2616 830 2658 remittas

319 2690 531 2730 quaerere,
556 2693 634 2721 nec
657 2679 836 2735 trepides
860 2679 905 2721 in
928 2695 1050 2722 usum

1274 154 1331 197 39

1363 1175 1405 1207 10

1365 1520 1405 1551 15

1362 1864 1405 1895 20
