1566 2814
242 158 324 200 228
671 167 714 209 Q.
733 164 949 203 HORATII
963 165 1148 206 FLAccl

240 285 388 312 munus
413 275 453 312 et
476 269 675 319 officium,
699 269 757 311 nil
781 268 961 312 scribens
983 270 1091 326 ipse,
1115 271 1283 323 docebo,

238 331 346 373 unde
370 338 562 387 parentur
584 346 700 386 opes,
725 331 823 386 quid
846 331 928 373 alat
949 331 1175 387 formetque
1197 340 1371 389 poetam,

238 393 337 448 quid
360 394 518 443 deceat,
545 393 642 447 quid
664 407 764 443 non3
789 407 870 447 quo
893 393 1040 444 virtus,
1064 409 1146 449 quo
1169 395 1273 438 ferat
1295 411 1415 439 error.

295 454 497 497 scribendi
519 462 627 496 recte
652 469 793 510 sapere
818 461 880 496 est
903 461 943 497 et
965 455 1208 511 principium
1231 463 1272 499 et
1294 457 1398 501 fons.

150 529 214 561 310
237 531 323 559 rem
347 516 420 558 tibi
445 515 676 558 Socraticae
698 522 890 572 poterunt
911 518 1124 559 ostendere
1147 518 1322 570 chartae,

237 578 442 632 verbaque
466 578 671 633 provisam
693 593 779 620 rem
803 593 885 620 non
907 578 1035 620 invita
1058 586 1289 633 sequentur.

238 641 307 694 qui
331 640 486 688 didicit,
511 640 663 694 patriae
688 639 786 694 quid
809 639 956 682 debeat
979 646 1020 681 et
1042 641 1141 694 quid
1163 641 1323 692 amicis3

238 717 319 756 quo
344 702 395 743 sit
419 716 554 742 amore
578 716 745 756 parens,
770 715 851 755 quo
875 702 999 743 frater
1022 702 1220 745 amandus
1244 710 1285 745 et
1306 703 1456 760 hospes
1463 720 1475 756 ;

240 763 350 818 quod
374 764 426 805 sit
449 764 684 818 conscripti,
709 764 820 817 quod
842 763 986 805 iudicis
1011 764 1211 816 officium3
1235 779 1339 820 quae

149 839 214 870 315
236 831 371 880 partes
396 826 438 866 in
461 824 614 866 bellum
636 825 751 866 missi
775 825 908 867 ducis:
933 825 1000 867 ille
1023 826 1207 881 profecto

236 887 404 929 reddere
427 901 624 942 personae
649 887 724 929 scit
748 887 1030 929 convenientia
1053 889 1211 942 cuique.

236 949 437 1004 respicere
461 949 669 1004 exemplar
691 949 798 990 vitae
822 963 1062 1004 morumque
1085 949 1234 992 iubebo

237 1012 402 1053 doctum
425 1011 668 1052 imitatorem
692 1017 732 1052 et
754 1011 869 1053 vivas
893 1011 988 1053 hinc
1012 1012 1160 1054 ducere
1182 1026 1317 1054 voces.

235 1073 439 1114 interdum
463 1073 649 1127 speciosa
671 1072 772 1114 locis
795 1079 1032 1127 morataque
1055 1079 1165 1115 recte

147 1148 212 1180 320
235 1134 376 1176 fabula
399 1134 550 1176 nullius
575 1134 734 1176 veneris
760 1135 846 1176 sine
869 1135 1047 1190 pondere
1071 1140 1111 1176 et
1134 1141 1218 1176 arte

235 1197 394 1238 valdius
419 1195 595 1238 oblectat
617 1196 813 1251 populum
837 1197 1063 1251 meliusque
1086 1202 1278 1248 moratur,

235 1272 358 1312 quam
381 1272 524 1299 versus
548 1257 690 1312 inopes
714 1272 848 1299 rerum
872 1272 1086 1313 nugaeque
1111 1273 1294 1300 canorae.

293 1317 429 1361 Graiis
452 1319 679 1375 ingenium,
707 1317 842 1362 Graiis
867 1320 977 1361 dedit
1000 1334 1069 1361 ore
1091 1321 1263 1362 rotundo

235 1379 361 1422 Musa
383 1380 512 1434 loqui,
537 1387 696 1436 praeter
717 1381 881 1422 laudem
904 1381 1053 1424 nullius
1078 1382 1223 1424 avaris.

146 1456 211 1488 325
235 1443 410 1486 Romani
433 1445 549 1499 pueri
571 1444 705 1499 longis
729 1443 951 1485 rationibus
976 1458 1112 1486 assem

235 1505 396 1547 discunt
419 1505 461 1546 in
484 1512 619 1560 partes
644 1511 807 1546 centum
831 1505 1033 1547 diducere.
1065 1505 1175 1547 dicat

235 1567 342 1608 filius
368 1566 528 1608 Albini:
556 1567 616 1618 „si
640 1567 690 1608 de
714 1567 941 1620 quincunce
964 1573 1121 1608 remota
1145 1572 1208 1608 est

235 1629 372 1678 uncia,
398 1629 497 1682 quid
521 1628 739 1683 superat‘?“
765 1653 818 1659 —-
842 1635 1003 1683 poteras
1028 1629 1196 1670 dixisse:
1225 1631 1410 1680 „Memfi
1441 1628 1510 1671 eu!
1564 1656 1566 1658 -

235 1704 321 1731 rem
343 1691 494 1745 poteris
520 1704 682 1732 servare
705 1690 835 1731 tuam!
860 1715 914 1720 —-
937 1690 1041 1731 redit
1063 1691 1200 1740 uncia,
1226 1691 1325 1745 quid
1347 1690 1417 1732 fit?
1440 1718 1494 1725 -—
1552 1711 1566 1734 η

147 1764 211 1795 330
238 1754 416 1803 ‚,semis.“
448 1758 490 1792 at
511 1751 613 1793 haec
636 1751 794 1793 animos
819 1766 970 1807 aerugo
995 1758 1035 1792 et
1059 1766 1156 1793 cura
1178 1751 1314 1807 peculi

235 1827 361 1867 quum
387 1813 513 1854 semel
535 1813 742 1863 imbuerit,
770 1828 981 1868 speramus
1006 1813 1184 1854 carmina
1207 1812 1308 1868 fingi

234 1890 356 1930 posse
380 1875 544 1916 linenda
567 1876 686 1916 cedro
712 1882 752 1916 et
774 1875 855 1917 levi
879 1875 1078 1917 servanda
1101 1874 1319 1930 cupresso?

292 1943 362 1978 aut
384 1937 578 1992 prodesse
602 1936 760 1987 volunt,
786 1942 857 1978 aut
879 1936 1079 1978 delectare
1103 1942 1260 1992 poetae,

236 2004 305 2039 aut
330 1998 450 2039 simul
474 2004 513 2039 et
536 1999 713 2040 iucunda
736 2004 776 2039 et
797 1999 946 2040 idonea
968 1998 1102 2040 dicere
1126 1998 1244 2040 vitae.

147 2073 211 2105 385
236 2060 433 2114 quidquid
455 2060 696 2115 praecipies,
722 2066 809 2102 esto
833 2059 986 2109 brevis,
1011 2066 1056 2101 ut
1079 2059 1160 2102 cito
1183 2059 1291 2101 dicta

235 2122 460 2176 percipiant
483 2122 607 2163 animi
631 2122 783 2163 dociles
809 2128 1051 2176 teneantque
1074 2121 1228 2162 fideles.

237 2198 356 2224 omne
381 2198 678 2238 supervacuum
701 2184 822 2238 pleno
847 2184 898 2224 de
920 2190 1083 2238 pectore
1107 2188 1255 2224 manat.

236 2245 331 2286 ficta
353 2245 572 2299 voluptatis
596 2259 742 2286 caussa
766 2246 846 2286 sint
868 2245 1053 2300 proxima
1076 2244 1200 2286 veris:

237 2321 306 2356 ne,
332 2307 617 2360 quodcumque
640 2307 767 2356 volet,
791 2314 935 2361 poscat
959 2307 1037 2348 sibi
1059 2306 1200 2348 fabula
1222 2305 1344 2356 credi,

150 2377 215 2409 340
235 2382 316 2409 neu
339 2382 511 2423 pransae
535 2369 707 2410 Lamiae
731 2369 870 2409 vivum
894 2383 1065 2423 puerum
1089 2367 1273 2410 extrahat
1295 2367 1400 2409 alvo.

236 2429 439 2471 centuriae
465 2430 669 2471 seniorum
692 2431 847 2486 agitant
871 2430 1051 2485 expertia
1073 2429 1222 2485 frugis3

237 2491 334 2533 celsi
357 2497 613 2546 praetereunt
636 2498 799 2534 austera
820 2498 1009 2547 poemata
1031 2491 1258 2533 Rhamnes:

238 2567 356 2594 omne
380 2553 471 2594 tulit
493 2561 690 2608 punctum
713 2554 783 2608 qui
807 2553 969 2595 miscuit
991 2552 1089 2594 utile
1113 2551 1223 2594 dulci

236 2615 427 2657 lectorem
452 2615 688 2658 delectando
711 2616 939 2670 pariterque
963 2613 1176 2657 monendo.
