1592 2808
159 167 223 199 LX
663 170 714 196 ns
738 170 827 196 vrrA
849 170 898 196 m·
921 169 1080 196 sommis
1542 182 1556 210 -2,
1585 159 1592 209 1

1554 219 1555 222 ’
1587 214 1592 230 1

159 255 256 288 111115,
294 242 404 278 etiam
428 242 604 278 orationis
635 243 796 278 colorem
818 242 856 277 in
880 243 948 277 Est
960 243 1056 278 enim
1072 243 1257 289 proprium
1274 241 1592 289 epistolar-ummo}

162 288 329 334 epistolis
353 291 465 333 atque
491 287 612 322 satiris
641 291 856 339 regnantem
880 287 1073 322 miliarium
1092 299 1173 323 cum
1190 288 1316 324 amicis
1335 288 1438 334 loqui
1461 287 1592 334 311116βῆ

160 334 213 368 ita
226 344 308 368 esse
322 332 515 377 diversum,
536 335 578 367 ut
595 333 633 366 in
645 332 719 366 illls
734 332 781 366 sit
792 332 856 366 ali-
882 337 920 367 et
935 333 1152 368 humaniter.
1198 333 1443 375 Quamobrem
1464 337 1592 378 poetae}

162 382 299 425 quanto
312 377 441 422 lenior,
460 377 709 429 temperatior,
734 377 856 412 mode-
883 377 1131 413 sollertissime
1143 377 1197 412 ita
1208 377 1424 423 instituit,ut
1436 386 1592 422 omnem

159 423 284 467 ratior,
308 421 431 467 prouti
451 422 642 456 consssium
663 421 758 466 tulit,
783 432 856 466 quo
882 422 1085 457 orationem
1097 433 1172 457 non
1188 423 1298 458 modo
1310 423 1359 457 ad
1377 433 1501 457 eorum
1513 422 1572 458 ho·

158 471 337 513 utraeque
350 466 482 500 litteris
503 470 587 500 sunt
606 467 856 512 consignatae.
881 467 1033 511 minum,
1060 467 1193 512 quibus
1217 467 1380 512 scripsit,
1415 466 1572 512 ingenia,

160 511 271 547 Cuius
292 511 516 546 diversitatis
541 522 690 546 caussas
715 510 857 545 etiamsi
881 523 1000 546 mores
1013 515 1050 547 et
1066 513 1251 546 fortunam
1269 511 1572 556 attemperaverit,

157 567 234 592 non
257 559 396 591 temere
421 556 654 591 statuerimus
683 556 720 590 in
743 559 856 589 matu-
882 567 1003 591 verum
1019 557 1126 591 etiam
1139 567 1204 601 per
1217 555 1338 591 omnia
1347 556 1592 602 urbanitatis,-

158 602 256 637 riore
293 604 426 646 poetae
462 604 585 635 aetate
627 600 855 646 quaerendas
882 601 1042 636 lenitatis
1056 605 1166 646 atque
1180 600 1417 635 iucunditatis
1432 600 1575 637 laudem

159 657 252 690 esse,
268 645 371 680 cuius
386 656 517 680 caussa
532 657 611 679 sese
629 645 708 690 ipse
726 645 855 679 identi-
883 650 1043 680 sectatus
1065 646 1121 680 sit.
1166 645 1343 680 Nimirum
1366 645 1437 679 hoc
1461 645 1575 690 ipsum

158 691 241 725 dem
265 690 316 724 ait
338 690 410 724 iam
433 701 530 724 nunc
554 690 704 724 ludicris
727 689 857 734 positis
883 691 1037 724 consilio
1051 690 1302 735 illimonendi,
1316 689 1499 733 hortandi,
1514 690 1575 724 do*—

157 735 251 770 illud
270 735 395 780 potius
414 745 553 778 curare,
578 739 620 768 ut
633 735 721 780 quid
733 745 857 769 verum
883 735 1001 779 cendi,
1023 746 1095 781 quo
1110 735 1290 780 epistolae
1309 734 1466 780 scriptae
1482 736 1577 783 sunt,

158 781 206 814 sit
243 784 355 825 atque
392 779 527 813 decens
571 779 690 813 discat
726 784 763 813 et
799 790 857 813 co·
883 780 1031 825 egregie
1046 779 1242 819 convenire
1257 782 1388 824 sponte
1406 778 1578 824 intelligi·

212 829 316 859 oscat
329 823 374 870 (E
403 823 750 867 ist.1.1‚4—6.8.99.
764 825 792 858 Ι.
803 824 856 866 14,
882 829 950 860 tur.
996 824 1053 859 En
1076 825 1206 870 igitur,
1241 823 1388 859 tertium
1406 823 1579 868 quiddam

157 836 301 915 §gsqq
321 869 363 903 10
406 880 486 914 sqq.
506 869 570 902 129
589 879 669 914 sqq.
693 869 722 902 I.
742 869 796 913 18,
815 869 858 903 96
883 870 953 903 13111
965 869 1182 913 invenimus,
1199 879 1271 915 quo
1285 879 1304 904 e
1333 868 1466 903 istolae
1485 879 1507 902 a
1524 878 1578 903 ra-

159 925 239 960 sqq.
265 914 348 948 coll.
373 913 420 946 II.
445 913 477 957 2,
501 913 567 946 210
593 912 706 958 sqq.)3
736 919 857 948 tamen
883 914 1045 948 tionibus
1077 914 1268 948 satirarum
1322 914 1463 948 iversae
1498 922 1581 948 esse

157 959 306 994 easdem
329 958 413 992 illas
437 969 512 992 non
530 958 669 992 minore
689 958 856 1001 profecto
884 959 982 993 haud
996 959 1106 994 dubie
1119 958 1338 993 iudicandae
1353 961 1448 993 sunt.

156 1004 233 1038 iure
247 1003 285 1037 in
298 1013 341 1038 eo
355 1002 496 1047 positas
510 1013 590 1037 esse
604 1002 856 1047 iudicabimus,
914 1002 975 1037 Ad
987 1004 1080 1038 haec
1092 1014 1179 1038 vero
1193 1003 1374 1038 accedunt
1386 1003 1496 1038 etiam
1509 1002 1587 1039 alin

158 1049 258 1100 quod
275 1051 387 1092 poeta
404 1047 553 1082 mutatis
577 1051 780 1091 temporum
803 1059 858 1082 ra—
883 1052 1118 1094 utrarumque
1137 1048 1347 1083 discrimina
1369 1047 1469 1082 haud
1492 1056 1586 1082 sane·

156 1093 320 1127 tionibus
346 1091 456 1126 etiam
481 1091 602 1126 studia
627 1103 693 1126 sua
717 1095 755 1126 et
773 1092 858 1126 scri·
884 1092 1018 1137 exigua
1036 1098 1074 1127 at
1100 1104 1146 1127 ue
1167 1092 1483 1128 animadversione
1503 1091 1580 1138 dig-

156 1137 271 1172 bendi
290 1137 444 1171 consilia
461 1137 638 1171 mutanda
657 1147 738 1171 esse
763 1137 857 1171 arbi-
884 1138 1044 1172 nissima.
1058 1104 1151 1173 hilam
1165 1149 1276 1183 quum
1289 1136 1468 1182 epistolae
1483 1146 1579 1171 ama-

156 1186 276 1217 tratus
301 1185 365 1216 est.
401 1181 484 1216 Hac
509 1182 604 1216 enim
623 1192 755 1215 caussa
777 1192 858 1226 per—
883 1182 949 1216 bili
969 1182 1149 1227 sapientia
1166 1182 1304 1227 pariter
1321 1186 1432 1227 atque
1457 1181 1580 1227 singu·

156 1230 278 1261 motus
314 1226 485 1271 deposita
515 1226 717 1271 aliquando
748 1227 858 1260 animi
883 1226 1580 1271 larihumanitatisusbanitateinsignes

158 1271 359 1307 acerbitate
395 1276 433 1306 et
468 1270 712 1316 aegrimonia,
750 1282 858 1316 quam
885 1272 967 1316 sint,
981 1275 1057 1306 tum
1069 1272 1156 1306 huic
1167 1272 1328 1317 ipsarum
1340 1270 1455 1306 indoli
1468 1275 1580 1316 atque

156 1320 362 1361 temporum
382 1315 609 1360 superiorum
627 1316 801 1361 iniquitas
815 1327 859 1350 ac
883 1317 1008 1350 virtuti
1042 1317 1151 1351 etiam
1186 1317 1288 1351 color
1318 1315 1493 1350 orationis
1528 1318 1582 1350 at-

155 1360 306 1395 tristitia
319 1361 515 1404 attulisset,
538 1360 661 1394 stilum
679 1361 858 1396 acriorem
884 1373 953 1407 que
966 1373 1055 1395 usus
1068 1372 1299 1396 numerorum
1318 1363 1580 1404 attemperatus

157 1405 375 1450 temperavit
421 1405 470 1439 ad
510 1405 684 1440 maiorem
727 1405 857 1440 lenita·
883 1409 979 1440 est.1
1020 1406 1115 1441 Nam
1134 1417 1244 1451 quum
1261 1405 1300 1439 in
1317 1405 1362 1439 iis
1387 1404 1580 1439 severioris

157 1455 243 1495 tem,
268 1450 321 1484 ita
342 1453 384 1483 ut
408 1461 489 1484 cum
513 1450 743 1495 aequalibus,
781 1450 856 1496 qui·
884 1451 1085 1495 sapientiae
1099 1450 1261 1496 gravitas
1274 1453 1416 1495 regnet,
1442 1452 1519 1483 tum
1533 1459 1580 1484 110

158 1496 229 1530 bus
265 1498 376 1530 antea
409 1495 688 1539 perversitatem
717 1506 857 1529 morum
883 1496 993 1530 dictio
1003 1494 1388 1540 quidemeteloquutio
1399 1498 1580 1528 caretma—

159 1551 203 1575 ac
228 1539 431 1574 studiorum
467 1539 779 1584 exprobravisset,
816 1543 858 1573 ut
882 1541 958 1575 iore
983 1540 1162 1585 dignitate
1186 1543 1297 1585 atque
1322 1539 1516 1584 gravitate,
1540 1541 1582 1573 ut

159 1585 272 1619 comis
286 1588 324 1619 et
334 1584 515 1618 humanus
534 1595 676 1618 morum
695 1585 856 1630 artisque
882 1585 1053 1630 petulans
1066 1585 1131 1619 illa
1143 1584 1320 1619 dicacitas
1336 1588 1374 1618 et
1384 1583 1581 1618 lasciviens

158 1629 333 1674 magister
346 1639 456 1680 agere
475 1629 664 1674 inciperet.
711 1629 859 1674 Regnat
883 1630 999 1664 oratio
1021 1629 1212 1664 satirarum
1229 1629 1277 1663 ab
1297 1628 1342 1662 iis
1356 1628 1502 1663 omnino
1516 1628 1580 1662 ab·

158 1674 270 1720 igitur
282 1673 320 1707 in
333 1673 500 1718 ep1st01is
518 1685 594 1708 non
612 1674 721 1708 modo
741 1674 857 1708 maior
883 1675 939 1718 sit,
966 1685 1186 1720 quamquam
1204 1673 1370 1708 hilaritas
1394 1672 1501 1707 amici
1523 1683 1581 1706 ur-

160 1719 341 1765 quaedam
366 1729 540 1752 sensuum
567 1718 857 1764 iudiciorumque
882 1720 976 1754 bane
990 1720 1144 1754 iocantis
1159 1722 1222 1753 aut
1240 1717 1445 1752 cavillantis
1464 1717 1580 1752 neuti-

159 1762 321 1810 gravitas
357 1767 468 1809 atque
509 1763 686 1808 dignitas,
734 1775 857 1798 verum
882 1776 991 1809 quam
1004 1764 1042 1798 in
1055 1764 1146 1808 ipsis
1160 1763 1399 1797 desideratur.
1434 1761 1492 1796 De
1506 1771 1580 1806 qua

159 1809 269 1843 etiam
282 1808 434 1852 elegans
447 1811 558 1853 atque
568 1809 689 1843 suavis
699 1809 856 1843 docendi
868 1823 870 1832 ·
882 1821 919 1843 re
939 1809 1126 1843 verissime
1140 1808 1384 1842 Lambinusz²
1408 1806 1580 1851 „Episto-

157 1852 404 1897 monendique
424 1852 556 1887 lenitas
581 1857 691 1899 atque
710 1853 857 1887 urbani·
881 1854 939 1888 lae
953 1858 989 1888 et
1003 1854 1174 1897 satirae‚“
1193 1852 1323 1898 inquit,
1339 1862 1437 1896 „non
1451 1851 1581 1886 eodem

157 1902 214 1932 tas
235 1897 326 1932 etin
343 1897 498 1932 maxima
517 1898 662 1932 dicendi
686 1898 856 1933 libertate
883 1899 966 1933 stilo
991 1898 1079 1932 mihi
1103 1898 1276 1932 videntur
1299 1896 1458 1941 scriptae
1487 1906 1580 1930 esse.

157 1944 318 1988 prudens
344 1943 524 1988 quaedam
548 1943 751 1978 moderatio
777 1955 857 1977 cum
882 1943 963 1977 Hae
982 1943 1077 1978 enim
1096 1943 1264 1987 (satirae)
1285 1952 1360 1976 non
1381 1941 1498 1975 solum
1516 1940 1581 1974 hu-

158 1986 306 2021 amabili
321 1987 430 2022 animi
450 1988 609 2023 candore
624 1992 660 2023 et
671 1988 856 2022 hilaritate
881 1988 956 2022 mili
976 1989 1042 2022 sed
1061 1987 1169 2022 etiam
1189 1986 1347 2021 orationi
1366 1985 1509 2020 solutae
1535 1984 1581 2018 si-

160 2032 367 2066 coniuncta.
413 2032 586 2066 Recludit
621 2033 716 2067 enim
746 2036 857 2077 poeta
882 2033 1050 2077 millimo,
1079 2043 1204 2066 verum
1229 2031 1336 2066 etiam
1359 2030 1498 2074 faceto,
1523 2041 1581 2063 ur-

157 2076 295 2122 ubique
314 2076 497 2111 interioris
516 2077 628 2111 animi
648 2078 702 2111 sui
729 2089 857 2112 sensus
881 2079 998 2122 bano,
1034 2077 1197 2111 mordaci
1220 2086 1356 2122 genere
1385 2074 1581 2109 verborum

159 2125 270 2166 atque
283 2126 414 2166 pectus
428 2122 554 2156 amicis
563 2121 668 2156 offert
679 2133 753 2156 non
765 2122 856 2156 acri·
881 2126 1003 2157 textae
1018 2125 1118 2165 sunt3
1143 2121 1322 2166 epistolae
1335 2129 1435 2164 vero,
1455 2129 1580 2164 quam-

158 2166 282 2200 monia
294 2170 358 2200 aut
371 2167 572 2201 acerbitate
587 2167 775 2211 agitatum,
793 2167 858 2201 sed
882 2167 936 2201 vis
966 2166 1181 2212 quotidiano
1211 2165 1298 2200 illae
1329 2174 1476 2216 quoque
1507 2175 1580 2198 ser-

157 2211 308 2256 plenum
321 2221 366 2244 30
382 2211 558 2245 refertum
577 2211 728 2246 caritate
747 2212 856 2246 bene—
881 2222 988 2246 mone
1003 2215 1040 2246 et
1052 2210 1174 2245 verbis
1188 2211 1233 2245 de
1251 2209 1371 2244 medio
1391 2208 1518 2242 sumtis
1537 2219 1582 2242 ac

158 2255 354 2290 volentiae.
407 2255 723 2296 Quemadmodum
746 2255 858 2301 igitur
880 2256 1006 2301 petitis
1030 2266 1167 2300 magna
1191 2265 1235 2290 ex
1287 2257 1364 2289 arte
1394 2256 1578 2297 constent,

158 2299 335 2334 Horatius
359 2300 444 2334 inde
468 2301 516 2335 ab
542 2311 574 2335 a.
592 2312 627 2336 u.
647 2300 721 2335 725.
744 2301 858 2335 missa
882 2300 1188 2346 quemadmodum
1214 2299 1259 2334 de
1290 2302 1353 2334 ent
1382 2308 1401 2332 e
1430 2297 1580 2340 istolae3

158 2345 359 2390 aliquando
408 2346 611 2389 epodorum
659 2345 855 2390 scriptione
880 2349 1002 2380 tamen
1016 2356 1060 2379 ea
1072 2343 1296 2387 urbanitate,
1310 2343 1356 2377 iis
1369 2353 1411 2376 sa
1425 2341 1520 2386 ibus,
1535 2351 1579 2376 eo

159 2389 318 2424 animum
337 2400 441 2423 suum
459 2390 505 2424 ad
527 2391 617 2425 odas
643 2390 856 2424 scribendas
882 2390 1040 2435 denique
1067 2392 1185 2433 aceto,
1210 2391 1253 2422 ut
1275 2389 1328 2422 ita
1351 2387 1480 2431 dicam,
1506 2396 1580 2432 quo

158 2434 312 2479 appulit,
326 2434 379 2468 ita
390 2438 466 2468 tum
479 2435 589 2469 etiam
602 2435 792 2469 satirarum
806 2434 856 2469 di·
882 2435 1016 2469 satirae
1043 2433 1205 2468 imbutae
1231 2436 1332 2477 sunt,
1369 2435 1510 2475 carent,
1540 2433 1582 2464 ut

161 2479 316 2514 cacitate
331 2482 368 2514 et
379 2479 581 2514 acerbitate
593 2483 797 2525 temperata
809 2479 857 2514 ad
882 2479 1061 2523 omittam,
1099 2478 1199 2523 quod
1229 2489 1353 2512 earum
1380 2475 1580 2511 nonnullae

157 2523 278 2558 lenius
292 2524 527 2569 epistolarum
547 2535 663 2569 genus
681 2525 856 2559 acceden-

160 2569 246 2602 dum
265 2569 336 2602 sibi
354 2579 435 2603 esse
454 2568 641 2603 iudicavit,
689 2568 757 2603 Cui
781 2569 857 2621 qui-
914 2571 929 2596 1
947 2570 1127 2610 Detnumeris
1139 2576 1167 2593 v.
1180 2569 1332 2594 Hermann.
1345 2568 1443 2593 Doctr.
1454 2566 1534 2592 Metr-
1547 2573 1576 2598 p.

882 2605 941 2629 353.
962 2603 1110 2628 Kirchner.
1124 2603 1214 2627 Praes.
1227 2603 1262 2626 ad
1275 2602 1331 2627 Sat.
1344 2609 1372 2634 p.
1385 2602 1428 2626 82.
1440 2600 1576 2626 Dflntzer.

161 2613 243 2665 ‘19¹9
254 2613 370 2665 iPSiu?
379 2613 531 2647 eonSilio
542 2625 742 2666 sanqquam
753 2625 858 2665 mlta·
881 2638 976 2663 Kritik
989 2637 1038 2661 der
1049 2637 1151 2661 Horu.
1167 2635 1303 2661 Gedichte
1314 2635 1362 2661 lv.
1375 2641 1404 2666 p.
1417 2634 1450 2660 48
1461 2640 1521 2666 sqq.

158 2657 284 2693 bihter
307 2658 544 2703 ep1stolarum
561 2663 655 2694 ratio
676 2662 857 2704 congrmt.
920 2673 935 2698 2
955 2670 1143 2696 commentar.
1157 2669 1192 2695 ad
1205 2669 1262 2695 sat.
1274 2669 1298 2696 1.
1311 2670 1337 2695 1.
1349 2668 1389 2694 in.
