1500 2820
127 311 169 343 35

124 619 168 649 40

126 926 168 957 45

126 1235 168 1266 50

124 1545 166 1576 55

126 1851 167 1883 60

127 2159 167 2190 65

126 2467 167 2497 70

195 186 274 228 168
627 194 669 236 Q.
688 193 896 229 HORATH
912 193 1091 230 FLAOGI

193 297 333 353 eripiet
356 297 488 351 quivis
513 296 650 339 oculos
675 296 791 338 eitius
814 296 932 348 mihi,
956 311 1079 352 quam
1101 303 1140 339 te

192 366 438 402 contemtum
468 374 585 400 cassa
607 373 710 400 nuce
733 365 944 414 pauperet:
968 359 1068 401 haec
1091 374 1183 402 mea
1205 375 1301 404 cura
1324 367 1396 412 est,

190 435 241 462 ne
265 421 362 475 quid
386 426 430 461 tu
452 420 615 475 perdas,
640 434 721 461 neu
744 420 798 461 sis
823 420 947 462 iocus.
972 421 1029 462 ire
1053 421 1219 464 domum
1241 429 1361 477 atque

190 482 420 538 pelliculam
444 496 582 523 curare
606 481 699 523 iube
707 498 718 531 3
742 481 770 522 fi
795 482 978 537 cognitor
1000 482 1107 537 ipse3

191 551 328 599 persta
350 550 470 597 atquc
495 542 665 592 obdura,
692 557 764 584 seu
787 544 909 584 rubra
936 543 1124 586 Canicula
1135 545 1264 600 findet

191 606 363 660 infantes
386 612 553 653 statuas,
580 619 653 646 seu
670 606 816 659 pinyui
840 613 964 646 centus
988 621 1119 647 omaso

191 668 340 709 Furius
363 667 545 709 hibernas
570 683 669 708 cana
693 669 778 708 nive
802 675 984 722 conspuet
1006 669 1141 723 Alpes.

192 744 326 771 nonne
348 729 481 779 vides,
508 729 651 782 aliquis
676 728 811 770 cubito
837 735 1010 770 stantem
1032 745 1156 785 prope
1181 736 1350 786 tangens

191 790 361 845 inquiet,
387 797 432 831 ut
453 791 629 845 patiens,
655 796 699 831 ut
723 790 861 831 amicis
887 798 1023 845 aptus,
1049 798 1094 832 ut
1117 792 1233 833 acer?

191 852 328 908 plures
353 851 561 893 adnath
584 851 743 901 thunni,
769 858 808 893 et
832 853 980 894 cetaria
1004 860 1197 894 crescent.

193 914 228 956 si
252 915 318 955 cui
339 921 547 968 praeterea
569 913 727 954 validus
751 913 856 954 male
879 913 985 955 fflius
1010 913 1052 955 in
1073 929 1116 955 re

191 976 398 1032 praeclara
422 975 605 1017 sublatus
629 975 775 1025 aletur3
800 990 850 1016 ne
874 976 1134 1018 manifestum

193 1036 356 1079 caelibis
381 1036 622 1091 obsequium
644 1037 769 1078 nudet
792 1043 848 1086 te,
874 1037 1015 1079 leniter
1037 1038 1079 1079 in
1102 1053 1217 1094 spem

193 1099 340 1154 adrepe
364 1098 590 1148 officiosus,
615 1104 661 1140 ut
685 1104 724 1140 et
748 1097 923 1140 scribare
948 1099 1150 1141 secundus

192 1160 326 1210 heres,
353 1166 409 1210 et,
436 1160 471 1202 si
494 1160 584 1214 quis
610 1174 727 1201 casus
750 1174 921 1214 puerum
946 1161 1072 1216 egerit
1097 1159 1220 1211 Orco,

192 1222 235 1263 in
258 1237 432 1264 vacuum
455 1222 614 1263 venias:
637 1236 801 1276 perraro
824 1221 925 1263 haec
948 1222 1037 1264 alea
1058 1222 1174 1264 fallit.

192 1283 262 1337 qui
285 1289 570 1325 testamentum
594 1283 724 1324 tradet
747 1283 820 1324 tibi
843 1298 1014 1338 cumque
1037 1284 1266 1340 legendum,

192 1345 368 1387 abnuere
393 1351 433 1387 et
456 1345 615 1386 tabulas
640 1360 665 1386 a
688 1352 727 1386 te
750 1359 956 1386 removere
978 1352 1194 1396 memento,

192 1407 252 1448 sic
275 1414 427 1456 tamen,
452 1413 497 1448 ut
519 1407 625 1448 limis
649 1407 802 1461 rapias,
827 1407 924 1460 quid
946 1407 1077 1461 prima
1101 1407 1278 1450 secundo

191 1483 284 1511 cera
308 1469 404 1510 velit
426 1483 565 1518 versu3
591 1468 700 1509 solus
724 1468 914 1509 multisne
938 1468 1116 1518 coheres,

190 1530 322 1572 veloci
344 1545 532 1585 percurre
557 1530 686 1572 oculo.
711 1530 949 1585 plerumque
972 1537 1156 1572 recoctus

192 1592 325 1634 scriba
348 1607 399 1634 ex
422 1592 687 1645 quinqueviro
712 1607 878 1634 corvum
902 1591 1065 1633 deludet
1086 1592 1277 1642 hiantem,

192 1660 453 1709 captatorque
478 1653 589 1695 dabit
611 1654 717 1695 risus
741 1653 890 1695 Nasica
916 1653 1090 1695 Corano.
1115 1679 1168 1684 —

190 1731 290 1756 num
314 1715 415 1756 furis
440 1731 492 1756 an
514 1715 692 1770 prudens
715 1715 821 1756 ludis
846 1730 910 1756 me
935 1715 1108 1757 obscura
1130 1715 1335 1758 canendo?
1357 1740 1410 1746 --

191 1792 215 1819 o
239 1777 476 1826 Laertiade,
502 1777 699 1830 quidquid
723 1777 871 1826 dicam,
898 1783 968 1818 aut
991 1777 1065 1818 erit
1088 1783 1158 1818 aut
1179 1791 1278 1819 non:

192 1838 373 1879 divinare
397 1839 545 1880 etenim
568 1854 742 1893 magnus
767 1839 866 1879 mihi
890 1839 1014 1880 donat
1035 1838 1200 1894 Apollo.
1225 1864 1280 1869 -—

192 1900 291 1954 quid
314 1906 449 1941 tamen
472 1901 551 1941 ista
573 1900 671 1942 velit
695 1900 772 1941 sibi
795 1900 952 1950 fabula,
978 1901 1013 1942 si
1036 1901 1258 1950 licet„ede.
1284 1926 1338 1932 -—

192 1968 389 2017 tempore,
414 1977 494 2016 quo
518 1962 675 2003 iuvenis
699 1961 862 2003 Parthis
886 1962 1128 2012 horrendus,
1154 1961 1205 2003 ab
1230 1961 1311 2004 alto

192 2023 415 2064 demissum
438 2038 567 2079 genus
592 2023 753 2073 Aenea,
778 2023 920 2064 tellure
943 2023 1125 2077 marique

191 2100 366 2140 magnus
391 2085 482 2135 erit,
506 2086 601 2126 forti
624 2085 749 2127 nubet
770 2100 939 2140 procera
964 2085 1124 2127 Corano

191 2146 274 2187 filia
296 2145 489 2197 Nasicae,
514 2147 728 2188 metuentis
752 2147 922 2188 reddere
946 2147 1118 2188 soldum.

190 2212 278 2249 tum
301 2223 426 2264 gener
447 2208 526 2250 hoc
548 2208 688 2250 faciet:
713 2208 872 2250 tabulas
898 2223 1037 2250 socero
1061 2208 1174 2251 dabit
1197 2215 1318 2263 atque

190 2276 236 2310 ut
258 2269 368 2325 legat
391 2270 533 2311 orabit.
559 2270 732 2311 multum
754 2270 905 2312 Nasica
927 2277 1097 2326 negatas

191 2331 361 2386 accipiet
385 2332 566 2382 tandem,
593 2338 633 2373 et
656 2332 803 2374 tacitus
826 2332 952 2388 leget,
977 2332 1235 2386 invenietque

190 2392 247 2433 nil
272 2392 349 2434 sibi
371 2392 553 2448 legatum
575 2400 734 2448 praeter
756 2393 914 2450 plorare
939 2394 1117 2447 suisque.

190 2454 290 2495 illud
313 2455 365 2496 ad
387 2454 488 2496 haec
510 2454 649 2497 iubeo:
674 2455 817 2496 mulier
840 2456 875 2496 si
897 2455 1000 2497 forte
1023 2455 1164 2497 dolosa

189 2515 410 2558 libertusve
434 2531 573 2558 senem
596 2517 767 2559 delirum
790 2523 1002 2572 temperet,
1028 2517 1106 2559 illis

191 2578 360 2620 accedas
387 2579 520 2620 socius
529 2595 540 2629 ;
563 2579 723 2629 laudes,
748 2579 923 2621 lauderis
948 2585 993 2620 ut
1015 2578 1176 2620 absens.

191 2639 355 2681 adiuvat
378 2640 456 2681 hoc
478 2655 658 2695 quoque,
685 2642 757 2682 sed
780 2641 903 2683 vincit
926 2641 1064 2696 longe,
1089 2641 1200 2696 prius
1223 2640 1360 2696 ipsum
