1500 2820
206 197 285 239 118
636 205 679 248 Q.
697 205 910 242 HORATH
926 205 1106 242 FLACCI

136 322 180 353 25
314 309 387 350 sed
409 309 588 350 iuremus
611 309 653 350 in
676 308 794 351 haec:
819 309 940 350 simul
962 309 1054 351 imis
1079 324 1178 351 saxa
1199 310 1376 352 renarint

369 370 484 411 vadis
508 369 659 420 levata,
683 384 735 412 ne
757 370 888 412 redire
913 371 965 412 sit
986 370 1103 413 nefas
1110 387 1122 421 余

313 446 393 473 neu
416 446 613 474 conversa
636 431 803 474 domum
824 432 963 488 pigeat
986 432 1082 474 dare
1104 432 1245 484 lintea,
1269 433 1431 488 quando

368 493 509 535 Padus
533 493 693 535 Matina
715 493 858 535 laverit
881 494 1111 544 cacumina余

313 555 355 597 in
377 570 488 597 mare
512 570 585 597 seu
608 555 741 598 celsus
764 556 1006 611 procurrerit
1028 555 1284 611 Apenninus,

137 630 179 661 30
370 631 556 671 novaque
579 623 760 659 monstra
783 617 959 658 iunxerit
981 617 1147 660 libidine

313 678 438 720 mirus
463 693 594 729 amor,
618 678 730 720 iuvet
752 685 798 720 ut
822 679 944 735 tigres
969 679 1178 722 subsidere
1202 680 1344 730 cervis,

369 740 617 782 adulteretur
639 746 679 781 et
702 740 891 782 columba
913 740 1051 791 miliio,

313 801 476 843 credula
498 816 574 843 nec
597 801 724 843 flavos
748 802 916 843 timeant
938 807 1120 844 armenta
1140 801 1292 853 leones,

370 870 558 917 ametque
583 863 691 904 salsa
714 863 815 904 levis
839 863 975 905 hircus
1000 877 1189 918 aequora.

136 938 178 968 35
312 924 413 966 haec
437 931 477 966 et
499 939 602 978 quae
626 931 814 979 poterunt
836 925 989 966 reditus
1013 924 1250 967 abscindere
1273 925 1412 967 dulces

369 1001 509 1028 eamus
534 987 665 1028 omnis
690 993 899 1028 exsecrata
923 986 1064 1028 civitas

313 1054 382 1089 aut
405 1062 499 1102 pars
522 1047 686 1089 indocili
709 1047 851 1089 melior
872 1062 1016 1103 grege3
1040 1047 1174 1090 mollis
1197 1053 1237 1090 et
1260 1061 1406 1103 exspes

367 1109 588 1150 inominata
610 1109 831 1164 perprimat
854 1109 1014 1150 cubilia.

312 1185 404 1220 vos,
429 1170 576 1224 quibus
602 1177 664 1212 est
686 1170 833 1220 virtus,
857 1170 1096 1212 muliebrem
1118 1170 1244 1212 tollite
1265 1170 1432 1221 luctum,

135 1245 179 1275 40
367 1232 545 1273 Etrusca
567 1238 727 1287 praeter
749 1238 790 1273 et
811 1231 944 1274 volate
967 1232 1097 1274 litora.

311 1308 385 1335 nos
410 1300 545 1335 manet
571 1292 763 1336 Oceanus
788 1293 1090 1350 circumvagus:
1115 1308 1229 1344 arva,
1254 1293 1375 1336 beata

366 1362 552 1410 petamus
577 1370 692 1405 arva,
717 1355 863 1397 divites
887 1361 927 1396 et
950 1355 1118 1405 insulas,

311 1417 442 1459 reddit
465 1416 535 1458 ubi
561 1416 753 1458 Cererem
776 1417 894 1458 tellus
918 1417 1074 1459 inarata
1097 1417 1311 1472 quotannis

368 1485 408 1519 et
430 1479 629 1533 imputata
650 1478 766 1520 floret
788 1493 919 1532 usque
942 1479 1073 1529 vinea,

134 1552 178 1584 45
310 1540 510 1596 germinat
533 1546 574 1581 et
595 1554 804 1594 nunquam
828 1540 1007 1582 fallentis
1032 1547 1179 1582 termes
1203 1539 1347 1591 olivae,

369 1615 564 1655 suamque
588 1601 700 1656 pulla
722 1602 824 1643 ficus
849 1607 965 1643 ornat
987 1601 1172 1644 arborem
1179 1617 1192 1652 余

311 1662 432 1704 mella
456 1677 557 1704 cava
579 1669 746 1704 manant
770 1678 821 1704 ex
843 1663 953 1714 ilice,
978 1662 1184 1705 montibus
1207 1663 1301 1705 altis

367 1724 468 1766 levis
493 1731 681 1780 crepante
704 1724 872 1780 lympha
895 1725 1030 1766 desilit
1052 1725 1168 1780 pede.

310 1786 393 1828 illic
416 1787 596 1828 iniussae
620 1787 788 1828 veniunt
812 1788 865 1828 ad
887 1787 1058 1828 mulctra
1082 1786 1273 1842 capellae,

135 1861 177 1892 50
365 1848 568 1903 refertque
592 1854 703 1890 tenta
726 1863 828 1904 grex
851 1849 1006 1891 amicus
1029 1848 1174 1899 ubera3

310 1924 386 1951 nec
409 1911 663 1965 vespertinus
688 1910 967 1966 circumgemit
988 1924 1108 1951 ursus
1133 1909 1251 1959 ovile,

365 1986 497 2027 neque
519 1973 752 2015 intumescit
775 1973 857 2014 alta
878 1972 1028 2027 viperis
1051 1971 1211 2013 humus.

310 2033 506 2089 pluraque
529 2034 669 2076 felices
692 2033 947 2076 mirabimur:
972 2039 1012 2075 et
1033 2047 1165 2087 neque
1187 2031 1311 2088 largis

366 2110 544 2150 aquosus
567 2095 706 2138 Eurus
731 2111 829 2138 arva
850 2096 967 2138 radat
989 2095 1201 2145 imbribus,

135 2169 176 2199 55
310 2157 480 2213 pinguia
502 2173 577 2200 nec
601 2158 718 2200 siccis
742 2164 910 2199 urantur
933 2157 1089 2200 semina
1111 2155 1255 2212 glebis,

366 2226 582 2274 utrumque
604 2234 701 2276 rege
724 2225 974 2274 temperante
998 2218 1200 2260 caelitum.

311 2295 394 2322 non
416 2281 496 2322 huc
518 2281 661 2337 Argoo
685 2281 890 2322 contendit
912 2280 1065 2335 remige
1088 2279 1221 2334 pinus,

365 2357 496 2396 neque
519 2342 725 2398 impudica
749 2341 914 2384 Colchis
938 2341 1072 2383 intulit
1093 2341 1260 2396 pedem余

310 2418 392 2445 non
415 2404 495 2446 huc
520 2402 679 2446 Sidonii
702 2409 903 2445 torserunt
927 2417 1077 2444 cornua
1099 2407 1260 2451 nautae,

135 2475 177 2508 60
365 2465 568 2507 laboriosa
590 2480 666 2507 nec
689 2465 833 2507 cohors
857 2463 1009 2506 Ulixei.

309 2527 421 2568 nulla
443 2533 590 2569 nocent
611 2527 748 2583 pecori
771 2526 975 2582 contagia,
999 2525 1149 2567 nullius
1173 2523 1270 2566 astri

366 2603 533 2644 gregem
557 2594 746 2630 aestuosa
769 2594 892 2630 torret
913 2586 1163 2642 impotentia.

312 2649 494 2706 Iuppiter
515 2649 584 2691 illa
605 2650 697 2705 piae
722 2650 892 2692 secrevit
915 2649 1032 2690 litora
1054 2647 1177 2704 genti,
