1500 2820
386 201 660 240 CARMINUM
682 201 780 238 LIB.
799 201 866 240 IV.

112 324 189 355 nec
212 308 327 353 Coae
349 308 534 352 referunt
555 307 639 350 iam
663 306 737 350 tibi
759 320 978 363 purpurae,

110 387 189 417 nec
211 372 295 416 cari
318 371 477 428 lapides
501 377 705 427 tempora,
731 384 837 425 quae
863 368 990 412 semel

165 435 274 480 notis
299 434 464 478 condita
486 434 605 477 fastis

220 497 389 541 inclusit
411 497 590 540 volucris
615 496 716 539 dies.

111 604 193 646 quo
216 589 326 647 fugit
348 588 512 640 Venus,
537 587 638 631 heu!
665 601 800 643 quove
826 586 962 630 color?
986 585 1136 629 decens

110 667 193 709 quo
216 651 380 696 motus?
404 651 504 707 quid
526 650 656 694 habes
681 651 811 702 illius,
836 650 960 702 illius,

166 729 272 772 quae
297 713 480 772 spirabat
503 729 677 766 amores,

222 793 329 835 quae
353 793 419 821 me
445 783 660 834 surpuerat
682 777 797 829 mihi,

109 870 211 913 felix
233 876 330 927 post
355 869 570 920 Cinaram,
596 875 775 924 notaque
800 875 842 912 et
865 868 1014 911 artium

110 939 322 992 gratarum
345 932 500 975 facies?
524 932 599 975 sed
624 931 802 975 Cinarae
826 931 974 975 breves

167 1011 297 1039 annos
321 996 408 1039 fata
432 995 644 1047 dederunt,

224 1065 438 1103 servatura
461 1059 533 1102 diu
554 1074 697 1116 parem

111 1151 285 1195 cornicis
309 1151 474 1194 vetulae
498 1151 752 1208 temporibus
777 1151 938 1207 Lycen,

109 1221 279 1273 possent
301 1221 349 1258 ut
370 1215 542 1258 iuvenes
566 1215 701 1258 visere
725 1214 874 1257 fervidi

166 1278 296 1322 multo
319 1293 403 1321 non
428 1279 517 1321 sine
540 1279 628 1321 risu

223 1342 427 1399 dilapsam
450 1342 494 1384 in
519 1342 676 1385 cineres
701 1342 848 1385 facem.

418 1494 681 1535 CARMEN
709 1494 830 1534 XIV.

275 1590 345 1624 AD
380 1590 651 1624 CAESAREM
679 1589 968 1625 AUGUSTUM.

34 1731 35 1734 Ἰ
113 1673 232 1729 Quae
256 1689 355 1718 cura
378 1674 552 1718 Patrum
576 1689 736 1730 quaeve
762 1673 987 1729 Quiritium

113 1738 247 1795 plenis
270 1738 475 1782 honorum
498 1738 740 1781 muneribus
765 1744 872 1790 tuas,

167 1803 381 1859 Auguste,
405 1801 577 1844 virtutes
601 1801 645 1844 in
669 1817 817 1844 aevum

223 1879 298 1921 per
320 1863 461 1907 titulos
486 1879 773 1920 memoresque
797 1864 930 1907 fastos

114 1956 319 1999 aeternet?
343 1971 386 2008 o,
412 1970 495 2011 qua
519 1955 582 1998 sol
605 1955 852 1999 habitabiles

112 2018 290 2062 illustrat
313 2034 425 2070 oras,
450 2019 631 2061 maxime
654 2019 901 2076 principum,

170 2096 294 2137 quem
317 2081 423 2138 legis
448 2088 637 2137 expertes
661 2082 841 2124 Latinae

226 2143 435 2187 Vindelici
460 2144 639 2187 didicere
663 2159 807 2201 nuper,

115 2235 216 2290 quid
237 2234 378 2277 Marte
400 2250 560 2292 posses.
586 2235 715 2278 milite
739 2252 836 2279 nam
861 2242 932 2279 tuo

115 2297 284 2340 Drusus
310 2296 558 2350 Genaunos‚
582 2299 850 2355 implacidum
874 2314 1022 2357 genus,

170 2359 443 2416 Breunosque
467 2361 629 2404 veloces
654 2367 695 2404 et
719 2377 833 2405 arces

228 2422 409 2480 Alpibus
432 2423 646 2480 impositas
671 2425 893 2467 tremendis

117 2513 267 2556 deiecit
290 2528 385 2556 acer
406 2514 501 2571 plus
525 2516 616 2559 viee
641 2517 830 2573 simplici,

118 2576 249 2619 maior
269 2575 482 2620 Neronum
505 2594 604 2622 mox
627 2595 753 2638 grave
778 2580 979 2637 proelium

175 2639 398 2692 commisit,
422 2641 707 2698 immanesque
731 2643 917 2685 Rhaetos

231 2703 426 2759 auspiciis
449 2706 607 2762 pepulit
631 2706 837 2758 secundis,

22 2770 168 2820 mm
1057 2779 1079 2818 7

1248 190 1301 234 97

1329 444 1371 474 15

1327 787 1372 819 20

1330 1161 1373 1194 25

1334 2312 1375 2343 10

1336 2655 1376 2685 15
