1500 2820
453 177 822 216 EPISTOLARUM
844 178 943 216 LIB.
962 178 1011 215 H.

44 278 223 339 §efficito
247 286 396 329 damus
421 292 494 328 aut
515 285 650 338 fesso3
675 300 805 341 quum
827 285 1049 336 laedimur,
1075 299 1206 327 unum

43 350 86 426 §i
107 350 201 407 quis
225 349 455 394 amicorum
479 356 543 393 est
566 365 694 392 ausus
718 350 966 406 reprendere
989 363 1177 400 v·ersum

44 428 176 474 quum
198 413 325 456 loca
313 429 399 456 lam
420 413 592 456 recitata
614 413 867 455 revolvimus
892 411 1130 463 irrevocati3

35 471 176 538 'Quum
198 477 491 528 lamentamur,
516 491 600 520 non
624 491 823 533 apparere
846 475 1010 518 labores

42 541 210 590 nostros
235 546 277 583 et
299 540 414 583 tenui
438 539 617 582 deducta
638 545 833 596 poemata
856 539 946 591 filo;

39 618 176 663 quum
200 618 416 661 speramus
442 618 491 646 eo
515 618 604 646 rem
627 610 864 654 venturam,
890 609 937 644 ut
962 602 1086 646 simul
1110 608 1234 658 atque

42 667 230 721 earmina
252 667 442 710 rescieris
467 682 545 710 nos
569 667 747 725 fingere,
773 667 1015 710 commodus
1042 666 1150 709 ultro

36 745 234 781 arcessas
259 737 300 774 et
325 745 448 788 egere
472 737 588 774 vetes
614 737 655 773 et
680 730 860 774 scribere
886 745 1026 787 cogas.

42 795 122 841 aed
145 802 286 838 tamen
309 801 373 837 est
397 809 547 851 operae
571 794 751 851 pretium
776 809 1045 852 cognoscere,
1072 794 1216 849 quales

44 857 234 902 aedituos
258 857 412 901 habeat
435 857 533 900 belli
558 864 743 914 spectata
768 857 963 913 domique

47 921 177 965 virtus
201 921 374 979 indigno
397 936 483 964 non
507 921 804 964 committenda
826 927 987 977 poetae.

44 991 189 1045 gratus
214 983 458 1028 Alexandro
482 985 573 1042 regi
595 1000 749 1042 magno
773 984 854 1026 fuit
876 984 945 1026 ille

39 1046 285 1100 Choerilus,
310 1048 478 1092 incultis
503 1049 575 1104 qui
599 1047 789 1091 versibus
815 1054 856 1090 et
879 1048 988 1090 male
1012 1048 1120 1091 natis

43 1112 200 1157 rettulit
223 1118 435 1169 acceptos,
459 1112 600 1169 regale
624 1112 850 1163 nomisma,
875 1111 1109 1168 Philippos.

46 1176 122 1220 sed
143 1175 272 1219 veluti
296 1181 470 1219 tractata
492 1182 635 1218 notam
659 1175 879 1231 labemque
903 1175 1118 1217 remittunt

44 1246 294 1290 atramenta,
319 1239 408 1282 fere
433 1239 655 1296 scriptores
680 1239 863 1281 carmine
888 1239 1013 1282 foedo

46 1303 264 1360 splendida
287 1302 400 1345 facta
422 1302 570 1345 linunt.
600 1303 713 1345 idem
737 1303 811 1345 r'ex
834 1302 922 1353 ille,
948 1317 1099 1359 poema

45 1366 118 1422 qui
142 1373 227 1409 tam
249 1365 471 1409 ridiculum
495 1372 581 1408 tam
606 1381 700 1409 care
724 1365 925 1423 prodigus
951 1365 1063 1416 emit,

19 1429 181 1472 evedicto
205 1428 335 1471 vetuit
357 1444 410 1471 ne
435 1429 529 1484 quis
555 1444 600 1472 se
624 1436 788 1486 praeter
810 1428 1007 1486 Apellem

22 1491 232 1550 {pingeret
256 1498 328 1534 aut
351 1491 456 1534 alius
481 1492 675 1549 Lysippo
700 1493 870 1534 duceret
893 1507 990 1534 aera

26 1554 161 1598 Ifortis
185 1554 419 1598 Alexandri
442 1555 603 1597 vultum
629 1556 879 1598 simulantia.
913 1555 1064 1610 quodsi

30 1617 242 1665 „iudicium
266 1618 418 1661 subtile
441 1619 633 1661 videndis
658 1619 817 1662 artibus
841 1619 946 1661 illud

26 1681 98 1724 ad
119 1681 247 1724 libros
274 1686 314 1724 et
338 1682 392 1724 ad
416 1681 520 1724 haec
544 1681 768 1725 Musarum
793 1683 903 1725 dona
927 1697 1114 1732 vocares,

18 1742 250 1801 Boeotum
273 1745 317 1787 in
341 1759 482 1788 crasso
506 1745 664 1788 iurares
690 1761 784 1788 aere
808 1752 966 1789 natum.

14 1822 26 1863 j
44 1814 86 1851 at
108 1822 245 1864 neque
270 1808 523 1850 dedecorant
546 1815 618 1851 tua
643 1809 695 1851 de
721 1824 766 1852 se
789 1809 944 1851 iudicia
968 1815 1092 1864 atque

13 1877 22 1922 ·ἴ
42 1885 232 1922 munera,
257 1886 365 1926 quae
389 1871 521 1914 multa
545 1872 681 1915 dantis
707 1887 803 1914 curn
826 1873 950 1915 laude
975 1872 1170 1923 tulerunt,

20 1933 181 1976 dilecti
205 1933 280 1977 tibi
304 1933 507 1992 Virgilius
532 1934 770 1990 Variusque
793 1942 941 1991 poetae
949 1952 960 1986 ;

13 2000 23 2050 ζ’
43 2012 120 2040 nec
142 1997 279 2056 magis
304 1999 493 2055 expressi
516 1998 657 2042 vultus
681 2014 756 2056 per
780 2015 910 2042 aenea
935 2000 1068 2056 signa,

42 2069 168 2116 quam
191 2075 267 2117 per
289 2061 396 2103 vatis
422 2076 528 2118 opus
552 2077 690 2105 mores
716 2062 925 2118 animique
949 2063 1132 2105 virorum

13 2127 16 2130 ’
43 2123 247 2168 clarorum
271 2132 484 2182 apparent.
515 2140 593 2168 nec
619 2141 831 2169 sermones
857 2141 937 2183 ego
962 2126 1131 2168 mallem

7 2194 233 2247 {repentes
256 2203 332 2245 per
354 2188 548 2240 humum,
573 2203 699 2244 quam
722 2205 789 2232 res
815 2205 1064 2246 componere
1088 2196 1243 2247 gestas,

7 2249 327 2307 §.terrarumque
352 2251 456 2294 situs
481 2259 522 2294 et
545 2252 718 2295 flumina
741 2253 878 2295 dicere
903 2260 943 2295 et
967 2268 1084 2295 arces

20 2313 253 2377 'montibus
277 2314 495 2370 impositas
520 2322 562 2358 et
584 2315 762 2359 barbara
784 2332 933 2374 regna,
960 2317 1124 2372 tuisque

23 2375 240 2432 ,auspiciis
265 2383 398 2420 totum
423 2378 612 2421 confecta
635 2379 773 2422 duella
795 2395 871 2436 per
894 2379 1049 2431 orbem,

0 2459 2 2467 ν
25 2438 304 2501 fols-astraque
330 2442 544 2484 custodem
567 2443 684 2499 pacis
711 2443 947 2486 cohibentia
969 2443 1133 2495 Ianum,

38 2507 86 2544 ²et
107 2502 372 2546 formidatam
395 2503 562 2548 Parthis
587 2512 628 2548 te
651 2506 838 2563 principe
861 2506 1041 2549 Romam
1049 2524 1060 2558 3

34 2640 211 2687 parmen
234 2630 430 2673 maiestas
454 2631 600 2688 recipit
623 2638 714 2683 tua,
740 2647 819 2675 nec
841 2647 961 2675 meus
987 2633 1112 2674 audet

88 2705 132 2734 m
154 2698 311 2734 tentare
335 2693 487 2750 pudor,
513 2709 638 2751 quam
662 2695 771 2739 vires
796 2695 904 2739 ferre
929 2702 1137 2739 recusent.

1331 167 1416 213 213

1442 550 1500 583 225

1444 867 1500 900 23(

1443 1186 1500 1218 235

1442 1505 1500 1537 24(

1444 1823 1500 1854 245

1442 2139 1500 2171 25(

1441 2458 1500 2490 255

45 2563 94 2617 εἰ,
118 2571 320 2620 quantum
340 2582 548 2624 euperem,
574 2583 744 2625 possem
769 2584 955 2625 quoque:
981 2570 1056 2612 sed
1079 2585 1215 2625 neque
1239 2585 1414 2626 parvum
