1500 2820
183 179 264 222 184
609 187 651 231 Q.
669 188 884 226 HORATH
898 188 1081 227 FLACOI

629 322 948 363 EPISTOLA
975 325 1058 364 III.

552 406 623 437 AD
654 406 854 439 IULIUM
882 407 1127 441 FLORUM.

173 477 254 519 Iuli
276 477 415 528 Flore,
440 478 587 532 quibus
612 484 809 520 terrarum
832 479 976 521 militet
1000 480 1080 522 oris

175 539 373 581 Claudius
396 538 579 595 Augusti
602 540 831 595 privignus,
858 541 960 582 scire
982 540 1134 583 laboro.

173 600 385 642 Thracane
409 615 483 642 vos
507 601 755 655 Hebrusque
779 601 903 643 nivali
926 603 1121 657 compede
1144 603 1316 655 vinctus,

172 677 224 703 an
248 662 352 703 freta
374 662 528 704 vicinas
552 663 656 704 inter
679 663 880 704 currentia
903 669 1047 714 turres,

129 737 147 768 5
172 739 223 765 an
246 724 419 779 pingues
442 724 571 766 Asiae
595 725 727 780 campi
751 725 953 779 collesque
978 726 1208 768 morantur?

172 785 270 839 quid
294 785 476 827 studiosa
500 786 644 828 cohors
669 800 838 841 operum
863 787 1004 828 struit?
1026 787 1104 830 hoc
1127 802 1288 843 quoque
1312 803 1420 832 curo.

171 847 262 900 quis
289 846 366 888 sibi
388 861 453 888 res
477 853 615 903 gestas
639 846 822 903 Augusti
846 848 1020 890 scribere
1045 850 1192 891 sumit?

171 908 279 951 bella
302 909 392 962 quis
418 916 458 950 et
479 923 602 963 paces
626 909 796 965 longum
819 910 1010 952 diffundit
1032 911 1075 952 in
1098 910 1269 953 aevum?

172 972 271 1025 quid
295 972 447 1022 Titius,
473 971 659 1013 Romana
681 971 796 1013 brevi
818 978 1012 1015 venturus
1035 973 1079 1014 in
1101 988 1184 1023 ora,

108 1045 148 1076 10
174 1032 381 1075 Pindarici
404 1033 527 1075 fontis
552 1034 623 1087 qui
645 1048 727 1075 non
751 1034 944 1089 expalluit
968 1034 1151 1085 haustus,

170 1095 354 1137 fastidire
377 1095 490 1137 lacus
515 1102 555 1137 et
577 1096 686 1137 rivos
711 1111 836 1138 ausus
861 1097 1047 1151 apertos?

170 1163 215 1198 ut
238 1156 368 1198 valet?
390 1163 435 1198 ut
458 1157 640 1198 meminit
663 1157 815 1199 nostri?
836 1157 1038 1199 fidibusne
1061 1158 1223 1200 Latinis

173 1218 393 1260 Thebanos
419 1225 556 1274 aptare
579 1219 723 1261 modos
749 1219 884 1261 studet
906 1220 1071 1275 auspice
1094 1219 1233 1270 Musa,

172 1296 224 1322 an
248 1281 402 1336 tragica
426 1281 607 1322 desaevit
632 1287 672 1322 et
694 1281 939 1337 ampullatur
961 1282 1003 1322 in
1027 1282 1136 1323 arte?

107 1355 147 1386 15
171 1343 270 1396 quid
293 1343 393 1383 mihi
418 1342 565 1384 Celsus
591 1343 700 1398 agit?
722 1344 899 1385 monitus
923 1343 1177 1398 multumque
1199 1342 1437 1394 monendus,

170 1404 349 1459 privatas
373 1410 419 1445 ut
441 1411 609 1458 quaerat
632 1419 730 1459 opes
754 1411 794 1446 et
818 1411 984 1461 tangere
1008 1405 1109 1447 vitet

128 1517 130 1519 Ι
171 1465 338 1520 scripta,
363 1465 575 1507 Palatinus
600 1481 882 1520 quaecumque
905 1467 1056 1521 recepit
1078 1466 1230 1522 Apollo
1238 1483 1250 1518 ;

169 1541 222 1568 ne
246 1527 281 1568 si
304 1527 409 1568 forte
434 1542 529 1569 suas
552 1528 769 1582 repetitum
793 1528 947 1569 venerit
971 1528 1067 1569 olim

169 1603 271 1644 grex
295 1589 432 1630 avium
455 1589 634 1644 plumas,
659 1596 820 1631 moveat
844 1590 1047 1631 cornicula
1068 1591 1196 1632 risum

105 1664 147 1695 20
170 1651 331 1692 furtivis
356 1651 510 1692 nudata
534 1651 747 1692 coloribus.
777 1651 866 1706 ipse
890 1652 989 1705 quid
1012 1651 1164 1693 audes?

170 1726 274 1766 quae
299 1712 597 1753 circumvolitas
622 1712 740 1768 agilis
765 1712 928 1767 thyma?
951 1727 1034 1754 non
1057 1712 1130 1754 tibi
1152 1727 1323 1768 parvum

169 1773 397 1829 ingenium,
422 1788 506 1814 non
529 1774 726 1815 incultum
752 1780 814 1815 est
837 1789 884 1815 ac
907 1775 1077 1829 turpiter
1099 1774 1267 1816 hirtum:

171 1849 244 1876 seu
266 1835 449 1890 linguam
474 1835 630 1876 caussis
656 1836 768 1877 acuis
794 1850 866 1877 seu
891 1836 1020 1877 civica
1042 1836 1130 1877 iura

169 1897 413 1952 respondere
436 1912 556 1952 paras
582 1912 655 1938 seu
679 1897 819 1939 condis
844 1897 1017 1939 amabile
1041 1911 1215 1946 carmen,

104 1972 146 2003 25
171 1959 303 2014 prima
325 1959 432 2000 feres
457 1959 633 2000 hederae
657 1958 831 2000 victricis
855 1959 1046 2014 praemia.
1077 1958 1224 2013 quodsi

170 2021 321 2076 frigida
344 2035 531 2061 curarum
554 2020 734 2062 fomenta
755 2020 981 2074 relinquere
1004 2034 1160 2075 possea

170 2096 252 2136 quo
276 2090 315 2123 te
340 2082 525 2124 caelestis
551 2082 749 2137 sapientia
772 2082 954 2132 duceret,
978 2082 1071 2124 ires.

170 2144 248 2185 hoe
272 2159 393 2199 opus,
418 2143 497 2185 hoc
521 2144 700 2185 studium
723 2144 839 2198 parvi
860 2158 1124 2199 properemus
1148 2150 1187 2186 et
1209 2144 1347 2199 ampli,

171 2206 206 2247 si
229 2206 382 2261 patriae
405 2205 612 2255 volumus,
639 2206 674 2247 si
697 2205 813 2247 nobis
839 2206 974 2247 vivere
999 2205 1094 2247 cari.

105 2281 147 2312 30
170 2267 295 2310 debes
319 2268 397 2310 hoc
421 2268 543 2309 etiam
565 2267 804 2316 rescribere,
831 2267 883 2308 sit
905 2267 979 2309 tibi
1001 2281 1121 2308 curae

170 2335 344 2383 quantae
369 2329 582 2371 conveniat
603 2327 841 2369 Munatius?
865 2343 918 2369 an
940 2328 1046 2370 male
1071 2334 1178 2370 sarta

170 2391 301 2447 gratia
324 2391 595 2445 nequicquam
619 2390 699 2431 coit
722 2395 762 2431 et
783 2389 1049 2431 rescinditur?
1072 2395 1114 2431 at
1136 2404 1210 2432 vos

171 2467 245 2494 seu
269 2453 423 2494 calidus
450 2452 617 2508 sanguis
642 2466 715 2493 seu
737 2465 871 2492 rerum
895 2451 1055 2493 inscitia
1078 2457 1200 2492 vexat

169 2514 364 2555 indomita
388 2514 544 2555 cervice
567 2513 696 2562 feros,
721 2512 967 2566 ubicumque
990 2512 1171 2553 locorum

104 2588 147 2620 35
169 2576 304 2617 vivitis
328 2575 485 2631 indigni
508 2575 729 2616 fraternum
752 2589 938 2629 rumpere
962 2573 1119 2622 foedus,

170 2637 349 2692 pascitur
371 2637 414 2678 in
437 2643 618 2678 vestrum
639 2637 814 2678 reditum
837 2635 974 2677 votiva
996 2635 1179 2676 iuvenca.
