1592 2808
175 236 292 272 XLVI
668 241 720 269 ns
743 241 832 269 vrrs
854 242 904 269 nr
925 241 1085 269 scurrus

171 317 287 363 piant,
337 315 376 349 ui
400 314 470 349 sibi
494 314 758 349 accuratiorem
774 313 869 349 litte-
891 313 1174 361 Vanderbourg.
1192 315 1280 351 edit.
1298 313 1415 352 Carm.
1433 315 1462 352 1.
1473 328 1510 362 p.
1522 311 1587 357 128

172 372 295 396 rarum
343 370 531 395 raecarum
543 359 711 394 notitiam
725 369 868 403 compa-
893 370 972 404 sqq.
997 359 1081 394 coll.
1110 359 1336 406 Rosenheyn
1362 359 1400 396 in
1430 360 1585 401 Seebods

173 404 343 441 raverint.
373 403 548 440 Nimirum
559 402 867 448 penitusHoratio
892 402 1040 437 Archiv.
1065 403 1125 438 fiir
1147 404 1283 439 Philol.
1307 416 1339 440 a.
1358 405 1456 440 1832.
1474 417 1508 450 p.
1521 404 1587 444 36⁸1

172 460 388 496 persuasum
397 448 479 492 fuit,
488 448 603 483 ascita
611 446 868 483 demumGrrae-
893 447 1000 493 sqq.)‚
1009 447 1384 484 Horatiumnovorum
1394 453 1587 496 metrorum¹

174 505 299 529 corum
311 493 456 528 dicendi
474 493 615 527 ratione
628 497 666 527 et
678 495 869 527 consuetu-
892 491 1008 527 fuisse
1025 492 1262 538 inventorem,
1279 497 1402 529 tamen
1413 495 1589 533 Romanii

174 539 259 574 dine
276 537 356 572 fieri
373 548 495 582 posse,
514 540 555 571 ut
570 537 727 572 Latinus
751 546 868 571 sermo
894 540 992 571 certe
1005 547 1182 572 novorum
1193 540 1388 573 metrorum
1401 543 1516 574 artem
1526 539 1588 576 imp

173 583 222 619 ad
244 582 382 628 lyricae
405 581 529 626 poesis
552 593 658 616 usum
682 581 869 616 commode
893 581 1035 659 perdit,
1059 581 1112 616 ita
1134 584 1175 615 ut
1198 586 1381 628 tamquam
1403 583 1588 623 Romanu}

174 627 462 663 traduceretur)
907 625 1090 670 yricorum
1113 637 1284 662 versuum
1307 626 1457 662 effector
1481 632 1519 663 ct
1536 639 1589 666 αι’,

207 670 282 707 Sed
301 671 607 716 quemadmodum
618 674 731 715 poeta
743 669 869 705 dictio·
896 670 1076 705 chitectus
1089 670 1283 706 habendus
1295 671 1473 716 videatur,
1487 678 1590 717 praes·

172 727 257 752 nem
263 715 388 761 lyricis
396 715 616 750 carminibus
625 719 746 759 aptam
753 714 869 749 libero
896 714 1019 749 sertim
1033 726 1143 760 quum
1155 715 1265 750 ctiam
1277 716 1476 751 eorundem
1486 722 1592 755 usum

173 760 312 806 ingenii
324 759 408 794 nisu
418 760 466 794 ad
481 760 705 796 Graecorum
717 759 870 794 maxime
895 759 1004 794 variis
1035 759 1233 794 carminum
1261 771 1303 795 ar
1391 761 1485 796 enfis
1507 771 1592 806 pru*v

173 805 353 840 rationem
370 804 474 838 finxit
492 808 529 838 et
541 803 799 847 conformavit,
818 803 871 837 ita
896 804 1105 838 dentissime
1120 815 1305 839 accommo
1335 805 1460 840 averit.

174 850 454 885 etiamnumcros
463 852 500 883 et
507 860 632 883 versus
642 848 782 882 extudit
787 859 870 882 non·
928 848 1006 883 Iam
1014 859 1099 883 vero
1108 848 1285 883 Horatius
1293 849 1400 884 etiam
1407 850 1444 884 in
1474 849 1592 886 cuium

176 895 262 928 dum
273 893 450 928 Romanis
469 893 614 928 auditos
635 897 671 926 et
689 894 736 926 ad
755 903 871 926 exem—
898 892 1120 928 Graecorum
1134 897 1245 938 atque
1255 893 1419 938 spiritum
1462 903 1592 930 raecae

173 939 275 984 plum
300 937 525 972 Graecorum
546 941 736 982 poctarum
762 935 871 970 artifi-
897 936 1078 972 Camenae
1087 938 1327 973 adRomanos
1340 938 1592 974 itatraducere

177 983 276 1017 ciose
296 982 531 1026 compositos.
567 981 711 1016 Etenim
735 981 871 1025 prisco-
898 985 1050 1016 conatus
1071 986 1138 1025 est,
1162 986 1203 1016 ut
1220 982 1329 1017 etiam
1348 993 1473 1018 eorum
1485 982 1592 1018 senti-

175 1039 254 1061 rum
271 1031 464 1071 poetarum
488 1026 712 1071 syllabarum
730 1037 871 1060 mensu-
898 1026 981 1060 endi
995 1027 1255 1072 cogitandique
1273 1027 1450 1062 rationem
1469 1027 1592 1062 carmi*

175 1083 253 1106 ram
264 1071 401 1116 pariter
409 1074 518 1116 atque
531 1081 871 1104 numerorumusum
896 1071 1004 1104 nibus
1030 1071 1103 1104 suis
1123 1072 1354 1115 expresserit.
1389 1072 1473 1108 Non
1493 1071 1592 1110 dubi·¹

174 1117 247 1150 iam
265 1116 326 1150 alii
342 1120 554 1160 spreverant
571 1116 608 1148 in
620 1114 702 1149 aliis
714 1125 872 1158 poeseos
896 1114 988 1150 tavit
999 1115 1095 1149 enim
1109 1115 1271 1150 Graecas
1283 1116 1592 1162 loquutionesLafl

187 1161 385 1203 reneribus,
394 1159 612 1204 utVirgilius
626 1162 663 1193 et
669 1169 755 1193 vero
765 1158 873 1193 etiam
897 1160 973 1194 tine
981 1159 1213 1204 interpretari
1222 1172 1231 1203 ;
1246 1160 1410 1206 singulas
1418 1161 1592 1206 quasdam

176 1173 342 1240 ‘Catullus
362 1207 398 1238 et
410 1204 615 1238 Lucretius.
649 1203 751 1237 Idem
763 1203 874 1247 igitur
899 1204 1099 1239 sententias
1123 1204 1171 1238 ab
1190 1204 1235 1238 iis
1255 1205 1459 1240 celebratas
1484 1204 1592 1240 artifi-

175 1249 352 1284 Horatius
399 1259 519 1293 uoque
534 1248 604 1282 sibi
616 1248 654 1282 in
671 1247 796 1292 lyricis
810 1258 872 1291 po-
899 1248 997 1283 ciose
1006 1248 1226 1283 carminibus
1236 1250 1310 1284 suis
1318 1250 1592 1294 intexeregcom-

173 1294 351 1328 tissimum
393 1293 584 1327 aciendum
601 1292 755 1336 putavit,
779 1296 821 1326 ut
836 1291 875 1325 in
897 1304 1024 1327 munes
1038 1294 1290 1345 locos,quales
1304 1298 1390 1328 sunt
1402 1294 1446 1329 de
1459 1305 1592 1340 amore¹

176 1338 308 1383 quibus
352 1338 502 1372 sentiret
543 1337 727 1381 antiquam
767 1336 875 1370 istam
900 1338 943 1371 de
963 1338 1060 1378 vino,
1081 1338 1126 1372 de
1145 1338 1252 1372 hilari
1270 1338 1367 1374 vitae
1380 1350 1460 1382 usu,
1475 1338 1537 1374 alii
1551 1338 1592 1373 si-

176 1382 412 1427 asperitatem
422 1386 457 1416 et
464 1381 650 1415 horridam
658 1380 873 1426 gravitatem
898 1382 1019 1425 miles,
1051 1382 1098 1416 ad
1128 1393 1252 1416 eorum
1282 1383 1487 1427 exemplum
1515 1383 1592 1417 illu-

174 1427 319 1461 minime
347 1426 504 1460 omnium
530 1437 612 1460 esse
648 1423 879 1458 tolerabilem
900 1430 1032 1468 strare3
1047 1426 1224 1470 imagines
1233 1430 1270 1461 et
1282 1430 1449 1462 ornatum
1463 1427 1592 1461 oratio-

175 1471 224 1518 (ν.
237 1471 354 1515 Epist.
367 1471 415 1504 Π.
429 1471 458 1504 1.
473 1474 511 1505 et
526 1469 600 1504 Art.
614 1469 738 1515 Poet.).
764 1470 874 1513 Quip-
898 1470 954 1504 nis
968 1471 1014 1504 ab
1028 1470 1071 1504 iis
1084 1474 1284 1514 repetere,1
1311 1471 1467 1516 denique
1487 1471 1592 1506 etiam

175 1527 222 1560 pe
236 1516 412 1549 docuerat
424 1515 541 1558 ipsum
559 1514 686 1559 utique
700 1514 808 1548 lectio
824 1514 874 1557 ly-
898 1515 1044 1549 fabulas
1073 1515 1217 1549 illorum
1247 1515 1517 1561 mythologicas
1549 1515 1592 1551 ad

175 1559 332 1594 ricorum
358 1559 599 1602 Graecorum,
631 1562 802 1603 quantum
827 1557 875 1592 ad
897 1570 1003 1592 usum
1018 1570 1121 1593 suum
1135 1559 1312 1594 conferre.
1333 1560 1435 1601 Quae
1450 1560 1592 1605 quidem

174 1604 283 1639 huius
291 1603 517 1648 potissimum
528 1603 652 1647 poesis
661 1602 875 1647 dignitatem
900 1603 1020 1637 omnia
1032 1614 1253 1648 magnopere
1267 1604 1469 1639 cavendum
1482 1608 1538 1639 est
1550 1615 1592 1640 ns

177 1653 214 1684 et
225 1648 485 1693 praestantiam
493 1649 631 1682 valeret
639 1651 804 1691 aptorum
811 1658 874 1680 nu-
898 1658 964 1691 pro
979 1647 1131 1681 inertiae
1151 1651 1216 1681 aut
1229 1648 1370 1683 servilis
1382 1648 1592 1684 imitationis

176 1703 358 1728 merorum
380 1692 581 1736 usurpatio.
629 1692 746 1733 Quum
764 1691 875 1735 igitur
899 1691 1121 1736 argumentis
1148 1692 1338 1727 ducantur.
1373 1693 1479 1728 Fecit
1501 1693 1592 1728 enim

176 1737 343 1781 Romani,
365 1737 427 1782 qui
447 1737 561 1781 lyrica
573 1736 632 1770 vix
652 1735 872 1780 attigissent,
897 1740 1010 1780 poeta
1034 1735 1072 1769 id
1095 1736 1279 1771 liberrimo
1303 1737 1438 1772 iudicio
1464 1737 1533 1782 sic,
1557 1740 1592 1772 ul

177 1782 268 1816 nihil
293 1782 378 1815 dum
402 1780 558 1825 propriis
582 1781 654 1814 hoc
677 1780 714 1814 in
739 1791 873 1825 genere
925 1792 1009 1814 uum
1037 1780 1107 1815 isto
1138 1781 1247 1815 modo
1274 1781 1493 1817 carminibus
1523 1781 1592 1816 suis

177 1826 314 1860 viribus
328 1826 582 1868 tentavissent,
602 1825 680 1869 ipse
700 1825 748 1859 ad
763 1823 874 1859 Grae-
935 1835 1065 1859 raecae
1086 1824 1266 1860 Camenae
1291 1830 1477 1872 tamquam
1495 1826 1592 1878 spiri-

178 1882 302 1906 corum
322 1871 524 1914 exemplum
543 1881 638 1903 nova
658 1868 800 1903 effinxit
811 1881 874 1903 nu·
898 1869 1211 1914 tuminhalaverit‚
1219 1873 1295 1904 tum
1307 1870 1592 1916 itempropniin-

177 1926 357 1950 merorum
399 1925 442 1948 ac
487 1918 682 1948 metrorum
727 1925 873 1958 genera.
899 1914 994 1959 genii
1002 1914 1241 1959 propriaeque
1249 1915 1336 1950 artis
1344 1915 1489 1950 laudem
1497 1926 1592 1960 egre-

179 1960 280 2001 Quae
302 1959 426 2004 qualia
445 1959 527 2002 sint,
553 1958 650 1993 infra
673 1959 874 1993 declarabi-
899 1959 958 2004 gie
978 1959 1024 1992 sit
1036 1962 1187 2002 tutatus,
1207 1963 1249 1993 ut
1266 1970 1489 2011 magnopere
1507 1960 1592 1994 iudi-

177 2008 247 2048 tur,
272 2003 335 2038 ubi
354 2002 476 2038 brevis
500 2013 624 2037 eorum
644 2003 875 2037 exhibebitur
901 2003 955 2037 cio
971 2014 1036 2037 suo
1050 2003 1134 2037 falsi
1149 2004 1230 2047 sint,
1251 2004 1313 2049 qui
1325 2016 1443 2048 1psum
1456 2015 1592 2038 servum

178 2059 363 2084 recensus.
397 2047 481 2082 Hoc
499 2047 582 2082 loco
602 2047 690 2081 satis
709 2047 776 2082 erit
800 2047 874 2081 ani-
902 2048 1126 2083 Graecorum
1150 2049 1369 2083 imitatorem
1386 2048 1502 2083 fuisse
1528 2048 1592 2083 sibi

178 2092 427 2136 madvertisse,
463 2091 694 2126 callidissime
729 2096 875 2136 poetam
899 2096 1172 2136 persuaserunt.
1204 2092 1311 2134 Quod
1320 2093 1592 2128 enimnonnulla

179 2149 224 2173 ca
235 2138 272 2171 in
285 2148 324 2171 re
337 2137 389 2170 ita
407 2147 488 2171 esse
502 2140 697 2179 versatum,
713 2141 753 2169 ut
766 2148 875 2181 quum
900 2137 947 2171 ad
990 2137 1214 2171 Graecorum
1255 2138 1459 2181 exemplum
1499 2137 1592 2180 lusit,

178 2183 213 2217 le
243 2181 875 2225 esGraecorumpenitusperspectas
901 2181 1024 2226 qualia
1049 2185 1133 2215 sunt
1150 2181 1303 2216 maxime
1324 2182 1484 2216 carmina
1502 2191 1592 2215 ama·

179 2193 360 2269 hagbuerit‚
369 2231 445 2259 tum
454 2225 561 2260 etiam
569 2236 695 2259 versus
710 2236 795 2259 suos
805 2225 874 2259 dis—
899 2226 994 2260 toria
1006 2226 1034 2260 Ι.
1047 2226 1101 2260 23.
1114 2226 1162 2260 Π.
1174 2226 1206 2260 4.
1219 2226 1252 2260 5.
1265 2227 1296 2260 8.
1309 2226 1376 2260 III.
1391 2226 1421 2259 7.
1434 2227 1465 2260 9.
1479 2226 1531 2259 10.
1545 2226 1592 2259 11.

180 2270 346 2306 cessione
360 2270 540 2304 interdum
552 2270 599 2304 ab
618 2269 690 2302 illis
704 2269 804 2304 facta
823 2270 873 2303 ori
899 2270 952 2304 20.
966 2270 1029 2305 IV.
1044 2271 1096 2305 10.
1110 2270 1163 2304 11.
1188 2274 1299 2316 atque
1326 2270 1398 2304 alia
1421 2269 1528 2304 etiam
1547 2270 1592 2304 its

178 2315 562 2361 populariumsuorum
577 2314 874 2348 sciteaccommo-
900 2314 1048 2358 cecinit,
1078 2318 1118 2348 ut
1146 2315 1343 2360 lyricorum
1375 2314 1592 2350 Graecorum

181 2360 330 2395 daverit.
370 2358 452 2393 Etsi
475 2359 586 2403 igitur
609 2358 704 2392 falso
731 2358 876 2402 scripsit
899 2359 1055 2404 vestigia
1072 2359 1235 2403 pressius
1256 2362 1434 2404 sequutus
1454 2369 1535 2394 esse
1548 2358 1592 2392 vi-

178 2404 377 2439 Diomedes
393 2403 658 2439 Grammaticus
680 2403 741 2446 (de
756 2414 827 2448 quo
842 2415 873 2437 v.

931 2428 946 2452 1
969 2427 1046 2452 'ralla
1070 2427 1243 2458 collegerunt
1265 2428 1301 2453 Η.
1320 2428 1455 2459 wagner:
1487 2426 1592 2453 Horatii

277 2470 282 2473 ·
337 2485 340 2487 l
900 2460 1027 2487 carmina
1051 2460 1114 2486 coll.
1138 2461 1308 2487 Graecorum
1333 2461 1503 2494 scriptorum
1528 2459 1592 2486 illu-

212 2496 227 2520 1
246 2495 406 2520 mationem
423 2496 567 2526 poetarum
585 2494 763 2524 Latinorum,
788 2494 874 2525 inpri-
898 2498 999 2520 strala.
1018 2494 1082 2519 Hal.
1096 2495 1171 2520 1770.
1190 2495 1215 2520 8.
1231 2497 1273 2520 et:
1293 2494 1434 2521 Additum.
1449 2493 1484 2520 ad
1497 2492 1592 2520 Horat.

179 2528 232 2553 mis
249 2528 366 2559 Horatii,
381 2528 594 2559 graecissantem
613 2529 784 2552 illustrarunt
801 2528 873 2553 Dan.
898 2534 985 2554 cami.
1010 2526 1159 2553 collatione
1181 2527 1313 2554 Graecor.
1338 2528 1504 2560 scriptorum
1528 2525 1592 2552 illu-

179 2562 340 2587 Vechnerus
358 2562 568 2586 Hellenolexias
585 2561 634 2586 lib.
647 2562 683 2586 11.
697 2562 739 2586 ed.
754 2562 775 2585 Ι.
789 2561 872 2586 Mich.
897 2564 1000 2587 strata.
1025 2560 1089 2586 Hal.
1103 2562 1177 2587 1771.
1192 2563 1217 2587 8.
1232 2564 1260 2587 et
1277 2562 1402 2594 plerique
1418 2561 1592 2592 interpretes.

179 2595 344 2626 Heusinger.
366 2595 447 2620 Goth.
461 2595 534 2620 1783.
549 2596 573 2620 8.
592 2595 660 2620 min.
685 2594 788 2620 Christ.
801 2595 872 2619 Dav.
898 2595 1023 2626 inprimis
1046 2594 1291 2620 Mitschcrlichius.
1327 2595 1370 2620 De
1388 2595 1477 2626 primo
1497 2595 1592 2619 carmi-

180 2629 240 2654 Iani
252 2628 328 2654 Artis
340 2629 444 2653 Poetlc.
458 2629 520 2653 Lat.
533 2628 596 2653 Lib.
610 2629 657 2653 IV.
677 2629 741 2653 Hal.
760 2629 834 2653 1774.
848 2629 872 2653 8.
897 2635 963 2653 num
986 2628 1056 2653 libro
1081 2635 1167 2659 nuper
1190 2630 1321 2660 exposuit
1344 2627 1377 2653 11.
1396 2626 1430 2652 Η.
1454 2626 1543 2654 Garke
1566 2627 1592 2652 in

180 2662 222 2687 10.
242 2661 391 2688 Christian.
411 2662 525 2687 Henrici
543 2662 636 2693 Progr.
655 2662 698 2686 De
713 2661 817 2686 Graeca
834 2661 874 2686 di·
899 2661 1083 2687 Commentat.
1105 2661 1138 2693 Q.
1152 2662 1259 2688 Horatii
1272 2663 1314 2687 ΕΙ.
1329 2661 1420 2688 Carm.
1439 2661 1488 2686 lib.
1500 2661 1523 2686 1.
1538 2660 1592 2686 col-

181 2696 274 2720 ctione
286 2696 378 2727 poesis
391 2695 500 2721 Horatii
518 2695 621 2726 lyricae
634 2696 782 2721 ornati-loe.
804 2694 879 2720 Wit-'
897 2696 961 2720 latis
974 2695 1152 2726 scriptoribus
1166 2695 1279 2721 Graecis
1297 2695 1428 2721 illustrati
1439 2695 1592 2727 specimen.

181 2729 315 2760 temberg.
327 2730 402 2754 1791.
416 2730 441 2754 4.
454 2729 528 2754 Part.
539 2729 647 2754 1—111.
897 2728 960 2754 Hal.
975 2729 1049 2754 1853.
1062 2730 1088 2754 4.
