1500 2820
425 188 703 229 GARMINUM
728 189 827 226 LIB.
846 186 913 228 IV.

184 313 286 350 non,
313 297 349 341 si
370 297 527 354 priores
550 296 774 339 Maeonius
798 302 910 338 tenet

186 362 306 404 sedes
331 360 562 410 Homerus,
587 359 835 402 Pindaricae
858 359 988 401 latent

243 423 438 479 Ceaeque
462 429 503 466 et
525 422 675 465 Alcaei
698 422 881 464 minaces

302 484 612 541 Stesichorique
636 500 787 542 graves
814 483 1044 535 Camenae3

185 593 280 629 nec,
307 578 343 620 si
366 577 466 633 quid
491 576 589 619 olim
612 576 712 619 lusit
735 575 970 626 Anacreon,

185 639 338 683 delevit
361 646 495 690 aetas3
522 639 652 696 spirat
675 639 812 681 adhuc
835 654 964 690 amor,

240 703 467 757 vivuntque
492 702 705 745 commissi
730 702 888 745 calores

297 764 471 808 Aeoliae
495 765 647 808 fidibus
672 765 849 822 puellae.

183 867 267 894 non
291 851 380 894 sola
404 857 562 894 comtos
588 851 689 894 arsit
713 851 888 893 adulteri

185 915 317 958 crines
342 921 384 957 et
407 931 554 957 aurum
579 914 766 958 vestibus
790 914 940 956 illitum

239 978 388 1021 mirata
410 979 656 1036 regalesque
682 978 818 1021 cultus

298 1047 339 1084 et
362 1041 533 1085 comites
558 1041 721 1084 Helene
745 1041 954 1092 Lacaena,

182 1127 394 1184 primusve
419 1127 582 1170 Teucer
607 1128 688 1170 tela
714 1127 906 1184 Cydonio

184 1191 333 1234 direxit
357 1206 455 1234 arcu
463 1208 474 1243 3
498 1206 583 1234 non
607 1191 736 1234 semel
759 1191 861 1234 Ilios

240 1262 409 1305 vexata3
434 1269 519 1296 non
541 1254 745 1311 pugnaw't
768 1254 917 1311 ingens

299 1317 551 1360 Idomeneus
579 1316 857 1360 Sthenelusve
883 1317 996 1360 solus

183 1403 360 1446 dicenda
382 1402 521 1445 Musis
547 1403 722 1460 proelia3
747 1419 832 1446 non
855 1403 974 1447 ferox

183 1466 360 1518 Hector,
387 1466 454 1509 vel
478 1481 573 1509 acer
595 1467 846 1523 Deiphobus
872 1483 1024 1525 graves

241 1530 404 1586 excepit
426 1530 533 1572 ictus
558 1545 633 1586 pro
656 1530 820 1587 pudicis

298 1593 545 1651 coniugibus
569 1594 793 1651 puerisque
816 1595 988 1651 primus.

185 1680 326 1723 vixere
350 1680 479 1723 fortes
504 1687 600 1723 ante
623 1680 946 1738 Agamemnona

185 1743 322 1794 multi;
349 1743 425 1786 sed
448 1759 593 1786 omnes
617 1743 923 1787 illacrimabiles

242 1812 442 1863 urgentur
469 1806 684 1863 ignotique
708 1807 835 1864 longa

299 1874 440 1921 nocte,
467 1876 607 1912 carent
631 1870 729 1925 quia
752 1877 847 1912 vate
872 1886 1003 1914 sacro.

185 1954 372 2011 paullum
399 1955 585 2011 sepultae
610 1956 735 1998 distat
758 1956 930 1999 inertiae

189 2018 321 2060 celata
344 2018 488 2060 virtus.
515 2033 600 2061 non
625 2034 704 2075 ego
729 2025 769 2061 te
794 2020 898 2062 meis

244 2080 397 2123 chartis
420 2081 657 2124 inornatum
682 2082 825 2134 silebo,

301 2149 414 2186 totve
438 2150 532 2187 tuos
556 2145 690 2201 patiar
712 2145 875 2189 labores

187 2229 376 2285 impune,
401 2229 532 2280 Lolli,
560 2245 728 2288 carpere
751 2231 900 2275 lividas

189 2291 430 2335 obliviones.
457 2300 520 2335 est
543 2294 705 2337 animus
731 2294 806 2338 tibi

244 2369 463 2411 rerumque
486 2357 667 2412 prudens
693 2363 734 2400 et
758 2359 951 2401 secundis

301 2419 554 2475 temporibus
579 2420 799 2476 dubiisque
823 2429 984 2473 rectus;

188 2502 341 2545 vindex
365 2519 512 2548 avarae
538 2505 696 2549 fraudis
722 2513 762 2549 et
787 2506 1002 2550 abstinens

188 2565 376 2609 ducentis
400 2568 454 2610 ad
479 2583 523 2611 se
548 2576 697 2612 cuncta
719 2570 934 2626 pecuniae,

245 2629 472 2685 consulque
496 2647 579 2674 non
604 2633 725 2675 unius
751 2634 859 2684 anni,

301 2693 376 2734 sed
398 2695 559 2751 quoties
583 2695 718 2739 bonus
742 2702 866 2754 atque
890 2696 997 2741 fidus

1297 175 1350 223 93

1380 651 1424 684 10

1383 990 1425 1023 15

1382 1330 1426 1362 20

1384 1693 1426 1725 25

1382 2033 1426 2065 30

1383 2372 1426 2404 35

1382 2710 1426 2744 40
