1500 2820
209 176 264 219 42

139 485 181 516 20

135 851 177 882 25

133 1187 174 1219 30

133 1524 175 1555 35

127 1864 171 1894 40

638 188 682 231 Q.
702 187 915 227 HORATII
930 189 1114 229 FLAOOI

401 290 516 332 miles
541 291 710 347 sagittas
735 298 775 334 et
797 293 969 336 celerem
991 294 1135 350 fugam

401 351 561 402 Parthi,
587 358 751 396 catenas
773 353 952 397 Parthus
977 362 1017 397 et
1041 355 1190 398 Italum

454 413 578 455 robur
585 430 596 464 3
622 415 695 456 sed
717 415 939 470 improvisa
960 417 1031 458 leti

508 475 570 516 vis
594 476 728 531 rapuit
749 478 958 532 rapietque
981 485 1139 534 gentes.

398 578 521 618 quam
544 579 673 620 paene
697 565 838 608 furvae
861 582 989 624 regna
1011 568 1281 624 Proserpinae

398 632 438 666 et
460 626 706 668 iudicantem
729 627 905 670 vidimus
929 628 1116 671 Aeacum

453 688 651 742 sedesque
675 689 870 732 discretas
893 691 1053 746 piorum
1077 698 1117 733 et

505 748 663 792 Aeoliis
686 751 836 794 fidibus
859 759 1094 806 querentem

398 837 566 895 Sappho
588 840 735 895 puellis
759 841 810 883 de
832 842 1108 897 popularibus,

396 907 436 943 et
459 907 498 942 te
523 908 733 943 sonantem
756 902 915 958 plenius
940 919 1075 955 aureo,

449 962 620 1013 Alcaee,
645 963 798 1018 plectro
821 965 923 1006 dura
945 966 1074 1016 navis,

505 1024 606 1066 dura
629 1025 753 1081 fugae
777 1026 902 1076 mala,
928 1027 1030 1069 dura
1052 1027 1166 1070 belli!

395 1120 610 1168 utrumque
635 1129 750 1156 sacro
774 1116 899 1172 digna
924 1116 1084 1159 silentio

393 1175 588 1217 mirantur
610 1175 777 1218 umbrae
801 1177 952 1228 dicere;
978 1179 1051 1220 sed
1074 1179 1205 1235 magis

447 1251 606 1292 pugnas
631 1243 671 1279 et
695 1244 859 1280 exactos
884 1245 1078 1294 tyrannos

503 1299 676 1341 densum
699 1299 878 1342 humeris
902 1300 1004 1343 bibit
1027 1316 1124 1344 aure
1147 1301 1309 1359 vulgus.

390 1388 489 1442 quid
512 1388 676 1439 mirum,
701 1389 773 1431 ubi
794 1389 874 1432 illis
899 1391 1144 1434 carminibus
1170 1398 1336 1448 stupens

391 1450 566 1492 demittit
589 1457 695 1492 atras
721 1450 856 1493 bellua
879 1453 1082 1508 centiceps

450 1526 569 1554 aures
594 1518 634 1553 et
656 1512 794 1554 intorti
818 1513 974 1568 capillis

499 1573 776 1615 Eumenidum
798 1581 1031 1617 recreantur
1053 1576 1234 1632 angues?

388 1662 487 1716 quin
510 1669 551 1704 et
573 1662 843 1706 Prometheus
873 1671 912 1706 et
935 1664 1100 1720 Pelopis
1123 1680 1269 1721 parens

391 1724 500 1766 dulci
522 1724 707 1768 laborum
731 1726 930 1782 decipitur
954 1741 1072 1778 son03

445 1801 520 1828 nec
544 1794 658 1829 curat
683 1786 815 1830 Orion
836 1789 975 1831 leones

500 1855 570 1891 aut
594 1850 756 1892 timidos
780 1851 934 1907 agitare
957 1851 1110 1907 lyncas.

661 1998 1064 2040 GARMENXIV.

576 2093 666 2124 AD
714 2093 1150 2127 POSTUMUM.

387 2174 526 2224 Eheu,
551 2174 739 2231 fugaces,
763 2175 979 2226 Postume,
1004 2176 1214 2228 Postume,

387 2235 577 2278 labuntur
599 2237 712 2286 anni,
737 2251 813 2278 nec
835 2238 965 2292 pietas
989 2253 1144 2280 moram

440 2297 553 2353 rugis
578 2303 618 2339 et
640 2298 806 2340 instanti
830 2305 1017 2341 senectae

496 2360 639 2403 afferet
666 2361 965 2416 indomitaeque
988 2363 1119 2404 morti.

385 2465 485 2500 non,
511 2450 547 2492 si
569 2451 759 2501 trecenis,
784 2457 982 2505 quotquot
1004 2457 1102 2494 eunt
1125 2452 1224 2502 dies,

387 2512 534 2562 amice,
557 2511 695 2567 places
718 2513 1037 2555 illacrimabilem

441 2572 618 2615 Plutona
642 2575 786 2625 tauris,
811 2575 882 2628 qui
905 2581 966 2617 ter
988 2575 1168 2630 amplum

497 2632 716 2690 Geryonen
740 2635 970 2691 Tityonque
995 2636 1099 2678 tristi
