1500 2820
185 560 227 591 ὥ

182 1682 222 1713 m

183 2019 223 2048 H

179 2352 219 2383 w

686 170 729 215 Q.
747 171 959 208 HORATII
977 171 1157 209 FLACCI

446 279 606 330 portare
630 274 778 325 fustes,
805 276 865 318 sol
888 275 958 318 ubi
981 276 1179 318 montium

448 341 623 378 mutaret
646 336 810 379 umbras
835 344 875 379 et
897 338 995 394 iuga
1017 339 1196 380 demeret
1478 317 1489 380 f

501 397 633 440 bobus
658 398 856 454 fatigatis,
881 400 1056 441 amicum

557 465 717 515 tempus
741 475 866 516 agens
891 460 1064 503 abeunte
1088 476 1219 506 curru.

446 548 643 590 damnosa
666 549 764 603 quid
786 565 868 592 non
891 551 1092 592 imminuit
1115 551 1228 594 dies?

439 619 550 652 aetas
573 617 803 666 parentum,
827 613 941 667 peior
963 613 1068 663 avis,
1093 613 1184 655 tulit

500 687 574 713 nos
599 673 829 727 nequiores,
855 689 951 715 mox
974 675 1140 717 daturos

553 734 788 790 progeniem
813 735 1070 778 vitiosiorem.

727 883 982 923 OARMEN
1009 885 1106 923 VH.

693 976 770 1008 AD
813 977 1147 1010 ASTERIEN.

445 1057 556 1111 Quid
579 1058 670 1107 fles,
697 1058 877 1109 Asterie,
903 1074 1024 1114 quem
1049 1060 1122 1103 tibi
1146 1061 1308 1103 candidi

443 1121 573 1174 primo
596 1120 807 1162 restituent
830 1136 924 1162 vere
947 1121 1130 1173 Favonii,

497 1181 645 1236 Thyna
668 1196 800 1224 merce
823 1182 998 1233 beatum,

553 1244 773 1285 constantis
797 1244 986 1286 iuvenem
1008 1246 1088 1287 fide

445 1331 618 1388 Gygen?
639 1333 706 1374 ille
729 1333 847 1375 Notis
872 1340 986 1377 actus
1011 1335 1063 1376 ad
1088 1334 1259 1378 Oricum

442 1402 536 1450 post
558 1395 702 1437 insana
727 1395 886 1451 Caprae
910 1397 1062 1447 sidera,
1087 1397 1257 1454 frigidas

498 1464 637 1499 noctes
662 1473 744 1499 non
768 1459 854 1500 sine
878 1459 1015 1501 multis

552 1520 747 1561 insomnis
771 1519 947 1562 lacrimis
972 1522 1069 1577 agit.

442 1609 553 1662 atqui
579 1609 771 1650 sollicitae
795 1610 966 1652 nuncius
991 1611 1175 1666 hospitae

441 1671 643 1725 suspirare
669 1670 844 1721 Chloen,
870 1678 910 1713 et
933 1672 1121 1714 miseram
1145 1673 1224 1714 tuis

497 1732 635 1773 dicens
659 1732 822 1788 ignibus
846 1734 920 1783 uri,

550 1800 676 1835 tentat
700 1795 808 1835 mille
832 1794 947 1836 vafer
969 1796 1113 1837 modis.

442 1889 485 1924 ut
509 1883 703 1924 Proetum
727 1884 871 1926 mulier
893 1884 1048 1940 perfida
1071 1885 1279 1927 credulum

444 1945 558 1986 falsis
582 1946 785 1999 impulerit
809 1946 1063 1996 criminibus,
1088 1947 1207 1989 nimis

498 2012 609 2047 casto
632 2007 936 2062 Bellerophonti

552 2074 753 2109 maturare
777 2084 936 2119 necem,
962 2069 1096 2111 refert.

442 2163 575 2198 narrat
598 2172 726 2212 paene
751 2158 890 2199 datum
913 2158 1039 2200 Pelea
1062 2159 1244 2209 Tartaro,

441 2218 708 2274 Magnessam
732 2219 986 2275 Hippolyten
1009 2221 1106 2262 dum
1129 2221 1236 2277 fugit
1259 2220 1498 2270 abstinen83'

496 2287 536 2321 et
558 2295 726 2335 peccare
750 2282 940 2322 docentes

550 2342 675 2383 fallax
698 2342 885 2384 historias
910 2350 1063 2394 monet3

441 2430 608 2472 frustra:
632 2447 727 2472 nam
753 2432 928 2487 scopulis
954 2433 1113 2474 surdior
1136 2433 1240 2474 Icari

442 2507 562 2534 voces
587 2493 699 2534 audit
722 2493 854 2534 adhuc
877 2494 1044 2549 integer.
1070 2500 1129 2544 at,
1155 2493 1228 2536 tibi

495 2569 547 2595 ne
569 2555 726 2595 vicinus
750 2554 934 2609 Enipeus

548 2615 640 2670 plus
663 2616 770 2658 iusto
793 2616 967 2672 placeat,
993 2631 1109 2666 cave3
