1500 2820
162 302 205 334 25

159 1515 199 1546 10

155 1862 196 1893 15

153 2209 196 2240 20

658 191 703 234 Q.
721 191 932 228 HORATH
948 190 1132 229 FLACOI

450 307 592 335 omnes
617 294 761 335 eodem
784 295 984 350 cogimur3
1009 296 1189 339 omnium

450 361 634 397 versatur
655 370 758 398 urna
780 356 908 398 serius
932 357 1045 400 ocius

506 431 593 458 sors
618 417 792 468 exitura,
817 424 858 460 et
879 433 954 461 nos
976 419 1019 461 in
1043 425 1250 463 aeternum

561 478 747 520 exsilium
770 479 1009 536 impositura
1032 480 1214 537 cymbae.

714 677 971 718 OARMEN
999 679 1077 719 IV.

578 777 644 809 AD
670 778 936 810 XANTHIAM
961 779 1208 814 PHOCEUM.

446 870 509 912 Ne
533 870 586 912 sit
608 871 778 913 ancillae
801 871 874 914 tibi
898 887 1012 915 amor
1033 873 1191 929 pudori,

447 931 634 974 Xanthia
656 932 843 975 Phoceu:
866 934 979 989 prius
1002 934 1242 979 insolentem

449 1008 567 1036 serva
589 994 745 1038 Briseis
768 995 888 1038 niveo
912 996 1044 1039 colore

531 1057 658 1098 movit
680 1056 903 1108 Achillem3

448 1158 576 1198 movit
598 1156 771 1199 Aiacem
795 1158 1018 1202 Telamone
1041 1166 1180 1204 natum

447 1218 579 1260 forma
602 1219 787 1274 captivae
811 1220 1019 1262 dominum
1043 1221 1289 1266 Tecmessae
1296 1239 1307 1274 ;

447 1280 546 1322 arsit
567 1279 736 1323 Atrides
760 1282 895 1324 medio
917 1283 960 1324 in
983 1283 1186 1340 triumpho

530 1342 686 1398 virgine
709 1349 837 1399 rapta,

445 1441 639 1485 barbarae
662 1450 879 1499 postquam
903 1445 1084 1488 cecidere
1107 1452 1263 1490 turmae
1314 1453 1317 1457 '

447 1503 648 1547 Thessalo
671 1505 824 1548 victore
849 1513 889 1548 et
912 1507 1126 1563 ademptus
1150 1508 1308 1552 Hector

444 1566 607 1607 tradidit
630 1566 751 1609 fessis
775 1567 928 1610 leviora
951 1569 1037 1611 tolli

524 1627 730 1684 Pergama
755 1627 904 1671 Graiis.

442 1728 601 1770 nescias
609 1760 620 1779 ,
646 1744 700 1771 an
722 1735 762 1771 te
785 1745 981 1786 generum
1005 1731 1114 1774 beati

445 1790 648 1846 Phyllidis
672 1791 801 1834 flavae
825 1793 1017 1836 decorent
1038 1802 1245 1851 parentes3

441 1853 600 1909 regium
624 1860 731 1896 certe
755 1869 886 1910 genus
910 1862 951 1898 et
974 1856 1150 1901 Penates

524 1921 678 1957 maeret
699 1916 872 1971 iniquos.

443 2015 579 2065 crede,
604 2030 687 2058 non
710 2017 822 2059 illam
845 2017 918 2059 tibi
942 2019 993 2061 de
1017 2019 1190 2063 scelesta

442 2076 562 2131 plebe
586 2077 793 2129 dilectam,
818 2094 950 2133 neque
975 2081 1034 2122 sic
1056 2081 1231 2132 fidelem,

444 2137 502 2179 sic
525 2137 637 2180 lucro
661 2154 847 2182 aversam
870 2141 1053 2196 potuisse
1075 2142 1189 2185 nasci

524 2204 652 2241 matre
675 2200 877 2254 pudenda.

441 2298 606 2342 brachia
628 2306 668 2342 et
690 2301 849 2342 vultum
871 2308 1098 2358 teretesque
1122 2319 1237 2347 suras

441 2360 599 2417 integer
619 2361 741 2404 laudo
748 2378 759 2412 3
783 2362 882 2419 fuge
906 2364 1114 2419 suspicari,

442 2421 557 2463 cuius
581 2428 770 2465 octavum
793 2425 1007 2479 trepidavit
1031 2433 1142 2469 aetas

524 2483 711 2527 claudere
734 2485 918 2528 lustrum.
