1500 2820
0 2695 37 2719 ι,

0 2752 6 2759 .-
29 2740 49 2757 ›e-

0 2728 74 2820 ἢ

27 163 38 235 1
55 226 58 227 ⁷
400 177 674 216 cAssfflNUM
697 177 795 213 Lm.
815 177 884 213 111.

163 287 351 344 quamvis
374 301 459 329 non
481 284 585 328 alius
609 283 774 326 flectere
799 298 952 338 equum
978 281 1112 324 sciens

163 365 292 407 aeque
317 347 566 406 conspicitur
588 347 775 404 gramine
798 345 966 396 Martio,

218 427 295 456 nec
319 411 538 467 quisquam
563 410 668 453 citus
693 424 824 464 aeque

276 475 417 517 Tusco
442 474 608 516 denatat
633 473 763 515 alveo.

162 569 295 626 prima
317 573 437 610 nocte
461 567 630 609 domum
655 565 820 616 claude,
845 578 980 619 neque
1005 563 1044 605 in
1072 563 1159 605 vias

165 631 242 675 sub
267 636 390 674 cantu
414 629 608 686 querulae
633 628 800 684 despice
824 627 961 678 tibia-e,

221 700 262 737 et
285 700 325 736 te
351 707 474 749 saepe
497 691 662 735 vocanti

277 757 422 799 duram
446 755 626 798 difficilis
651 769 784 798 mane.

442 907 704 949 CARMEN
734 907 856 946 VIII.

268 1005 336 1038 AD
364 1005 406 1038 c.
435 1005 644 1038 cmNmM
666 1003 1032 1038 MAECENATEM.

164 1089 327 1132 Martiis
352 1089 516 1132 caelebs
541 1089 641 1145 quid
665 1104 789 1146 agam
814 1087 1026 1139 Calendis,

164 1153 263 1208 quid
285 1152 413 1195 velint
435 1152 558 1195 flores
583 1159 624 1195 et
648 1167 788 1195 acerra
812 1152 943 1194 thuris

162 1216 302 1273 plena,
327 1216 507 1267 miraris,
532 1216 776 1272 positusque
801 1214 925 1258 carbo
950 1215 993 1257 in

249 1279 404 1335 cespite
428 1279 538 1330 vivo,

165 1371 283 1414 docte
308 1385 518 1414 sermones
542 1371 756 1426 utriusque
779 1370 959 1428 linguae.

165 1449 360 1477 voveram
384 1434 526 1476 dulces
551 1434 694 1490 epulas
720 1440 761 1476 et
785 1433 926 1476 album

166 1495 320 1539 Libero
346 1511 533 1553 caprum,
557 1512 687 1553 prope
711 1496 927 1539 funeratus

249 1558 408 1602 arboris
432 1559 529 1601 ictu.

165 1651 232 1693 hic
255 1650 344 1693 dies
368 1665 478 1694 anno
501 1651 701 1693 redeunte
727 1651 858 1694 festus

167 1714 360 1756 corticem
383 1712 626 1756 adstrictum
649 1714 740 1769 pice
765 1712 992 1756 dimovebit

167 1776 407 1833 amphorae,
432 1776 595 1818 fumum
618 1776 759 1819 bibere
783 1777 997 1819 institutae

252 1839 421 1882 consule
446 1838 582 1880 Tullo.

169 1946 303 1982 sume,
328 1929 572 1980 Maecenas,
598 1929 770 1986 cyathos
795 1930 934 1978 amici„

169 1993 334 2050 sospitis
360 1999 545 2043 centum,
572 1999 613 2035 et
635 1992 782 2049 vigiles
807 1993 996 2035 lucernas

167 2056 304 2112 perfer
326 2057 369 2098 in
392 2056 527 2097 lucem
535 2071 546 2106 3
570 2055 715 2111 procul
737 2055 871 2098 omnis
896 2062 986 2098 esto

254 2119 409 2160 clamor
433 2124 473 2159 et
496 2118 568 2159 ira.

170 2210 286 2251 mitte
311 2209 451 2251 civiles
478 2224 601 2266 super
624 2209 726 2252 urbe
751 2224 889 2252 curas:

170 2272 320 2314 occidit
344 2271 454 2314 Daci
480 2271 690 2314 Cotisonis
715 2287 885 2329 agmen3

170 2335 324 2378 Medus
348 2336 524 2379 infestus
551 2335 629 2378 sibi
651 2336 852 2379 luctuosis

257 2398 430 2440 dissidet
454 2399 577 2440 armis
582 2415 596 2449 3

174 2489 299 2531 servit
322 2489 538 2545 Hispanae
561 2495 680 2533 vetus
704 2490 836 2533 hostis
863 2505 958 2533 orae

174 2551 383 2594 Cantaber
407 2567 498 2595 sera
521 2553 700 2595 domitus
726 2561 890 2604 catena3

173 2615 256 2657 iam
283 2613 462 2671 Scythae
486 2616 580 2659 laxo
605 2616 854 2660 meditantur
879 2631 977 2659 arcu

260 2679 403 2722 cedere
428 2680 597 2736 campis.

1267 165 1318 209 61

1347 294 1392 325 25

1352 637 1395 669 30

1359 1724 1402 1755 10

1360 2067 1401 2099 15

1360 2409 1403 2441 20
