1592 2808
171 210 279 248 an

674 222 724 248 DE
747 221 836 249 VITA
858 222 907 249 m·
930 221 1087 250 scalpris

204 292 327 339 Atque
356 293 448 329 haec
477 304 587 340 quum
614 294 667 329 ita
695 305 775 330 sese
804 295 867 330 ha·
888 295 1094 340 perioribus
1107 295 1325 334 ostendisse.
1357 297 1446 333 Mox
1463 298 1592 336 autem}

171 338 301 382 beant,
327 338 455 373 mirum
473 345 569 374 certe
581 350 656 374 non
669 343 741 383 est,
768 340 867 384 quod
889 341 998 375 rediit
1015 341 1123 377 etiam
1147 342 1195 376 ad
1212 342 1343 387 poesin
1366 342 1590 379 didacticamv-

169 387 281 428 poeta
294 383 379 418 inde
391 384 438 419 ab
453 382 643 419 Octaviani
660 384 867 429 principatu
889 385 927 419 in
941 385 1062 420 satiris
1075 397 1294 431 expressam.
1324 386 1479 432 Scripsit
1490 388 1592 424 enim

171 427 290 463 animo
323 439 389 464 suo
415 428 521 473 quasi
550 428 782 463 confirmatus
812 434 868 463 est
890 430 1065 476 epistolas
1091 430 1210 466 satiris
1233 431 1358 478 utique
1381 443 1516 478 genere
1539 433 1590 468 si·-

170 476 280 518 atque
305 477 502 517 recreatus,
526 473 579 508 ita
601 477 643 508 ut
664 485 740 509 non
757 474 864 508 modo
889 475 1073 520 millimas,
1100 477 1165 511 sed
1189 480 1312 512 tamen
1333 476 1422 512 item
1445 477 1492 512 ab
1510 477 1590 512 illis>

171 517 217 552 de
229 517 379 562 publica
395 518 573 553 felicitate
591 519 686 554 bene
707 529 864 564 sperare,
890 521 982 554 adeo
1019 521 1201 565 diversas,
1247 524 1290 556 ut
1326 525 1410 556 tran
1437 521 1589 557 uillitati'

169 572 295 597 verum
313 563 423 597 etiam
441 563 551 597 vitam
571 563 703 598 laetius
722 567 759 598 et
775 563 865 598 hila-

168 606 244 641 rius
269 607 402 652 degere
428 618 537 642 ausus
558 608 615 642 sit.
642 607 770 650 Itaque
785 606 866 640 abs—

169 652 269 685 tersa
322 652 521 698 aliquando
565 652 674 687 animi
708 655 865 698 aegritu-

169 696 252 730 dine
279 700 316 731 et
339 697 538 733 acrimonia
560 708 604 732 ex
631 697 866 741 pristinorum

166 743 371 793 temporum
399 742 546 778 miseria
576 746 765 776 contracta
793 742 864 776 lae-

167 785 325 820 tionbus
351 786 484 821 dehinc
506 786 659 821 indulsit
684 786 863 830 sensibus,

169 840 262 874 quos
285 841 402 882 usque
428 832 599 866 aluerunt
623 831 732 865 etiam
756 832 864 866 bene—

168 874 254 909 vola
277 886 474 910 amlcorum
506 875 742 921 inprimisque
766 876 864 910 Mae—

169 919 308 954 cenatis
334 931 372 954 cr
400 931 422 954 a
445 920 563 965 ipsum
589 920 726 963 studia,
760 920 864 954 rusti—

169 974 279 1008 cana,
318 964 379 1009 qui
408 976 451 998 us
481 965 651 1000 lubenter
679 965 862 1008 utebatur,

169 1008 259 1051 otia,
317 1020 360 1043 ae
386 1009 523 1043 uallum
552 1009 789 1054 plurimorum
819 1010 864 1044 de

168 1053 297 1087 studiis
312 1057 349 1087 et
374 1054 601 1088 'acuitatibus
618 1054 732 1098 ipsius
750 1054 864 1088 hono-

165 1096 269 1132 rifica
281 1097 434 1141 iudicia3
460 1098 616 1144 denique
637 1107 744 1133 etlam
758 1099 864 1134 liber-

165 1141 265 1186 tatis,
275 1142 407 1187 quietis
417 1147 453 1176 et
459 1143 734 1188 tranquillitatis
743 1154 863 1187 usura,

166 1197 232 1232 qua
240 1191 315 1220 tum
322 1187 393 1231 ipsi
400 1188 536 1232 plenius
546 1199 631 1222 sanc
639 1188 746 1233 potiri
755 1188 863 1232 licuit,

166 1231 461 1277 quandoquidem
484 1243 553 1267 nec
582 1244 647 1277 per
672 1232 865 1267 amicitiam

167 1286 248 1310 cum
256 1276 471 1311 Maecenate
478 1277 539 1311 alii
545 1288 633 1322 sque
641 1277 863 1322 reipublicae

164 1320 379 1365 proceribus
392 1320 552 1356 iunctam
565 1333 788 1367 magnopere
802 1322 863 1356 im-

163 1365 311 1410 peditus
336 1369 408 1409 est,
439 1366 631 1411 quominus
657 1367 730 1401 otio
755 1367 863 1401 liber—

164 1410 253 1444 rimo
266 1410 524 1454 perfrueretur.
565 1411 667 1446 Vixit
681 1411 775 1446 enim
788 1415 864 1445 tum

166 1465 312 1500 quoque
320 1455 534 1501 plerumque
542 1456 579 1490 in
588 1455 863 1490 secessuSabini

165 1499 231 1534 sui.
269 1499 495 1545 Quamquam
519 1500 719 1535 identidem
736 1501 863 1535 urbem

163 1542 306 1588 invisit,
337 1544 501 1588 inprimis
526 1556 549 1579 a
573 1545 787 1579 Maecenate
811 1545 861 1579 in-

163 1588 309 1623 vitatus.
357 1588 466 1629 Quod
497 1589 527 1623 si
558 1590 704 1635 quando
735 1589 861 1633 fiebat,

165 1632 310 1667 domum
333 1644 449 1679 prope
467 1633 522 1667 Ex
550 1634 656 1669 uilias
682 1635 786 1669 sitam
810 1634 862 1668 in—

163 1677 412 1722 habitabat,ut
423 1678 532 1713 facile
554 1679 668 1714 iceret
675 1690 755 1713 cum
763 1679 862 1713 Mae-

165 1728 305 1766 cenate,
331 1723 369 1757 in
393 1723 526 1758 vicinia
549 1724 750 1768 habitante,
777 1734 861 1758 con-

163 1767 336 1801 versari.1
376 1768 564 1802 Interdum
591 1769 700 1803 etiam
723 1769 862 1802 valetu—

164 1811 258 1846 dinis
295 1823 425 1847 caussa
454 1812 566 1847 Baias
608 1812 761 1848 secessit
800 1816 863 1847 aut

163 1856 255 1890 alias
264 1857 433 1891 lustravit
439 1868 612 1892 amoenas
621 1857 801 1902 regiones,
817 1858 862 1891 de

164 1911 237 1946 quo
256 1913 288 1934 v.
302 1901 417 1945 Epist.
429 1902 458 1936 Ι.
473 1901 526 1936 15.
562 1902 619 1937 Ita
637 1902 774 1936 factum
795 1905 860 1946 est,

162 1949 204 1979 ut
226 1945 454 1997 temporibus
476 1947 625 1981 mutatis
655 1947 762 1982 etiam
787 1947 862 1981 vita

163 1989 309 2024 Horatil
322 1991 474 2025 multum
487 1995 778 2026 commutaretur.

195 2034 318 2080 Atque
331 2035 418 2070 inde
432 2036 479 2070 ab
493 2036 564 2071 hoc
578 2040 740 2080 tempore
750 2036 862 2081 poeta

163 2079 274 2114 etiarn
286 2079 338 2114 ita
350 2079 473 2115 facere
488 2081 586 2125 apud
605 2081 762 2115 animum
779 2091 862 2114 con-

163 2124 298 2168 stituit,
323 2128 365 2158 ut
387 2125 499 2160 missa
522 2125 720 2170 aliquando
747 2125 861 2159 satiri-

163 2179 288 2203 corum
302 2180 508 2204 sermonum
522 2174 558 2205 et
569 2171 769 2214 epodorum
778 2169 862 2203 scri—

161 2213 288 2258 ptione
309 2213 382 2248 alia
404 2215 529 2258 poesis
555 2226 691 2260 genera
711 2215 860 2258 coleret,

890 564 998 598 animi
1011 576 1055 599 ex
1063 569 1266 610 temporum
1273 565 1422 601 fortuna
1456 570 1592 602 austae

890 609 1038 654 egregie
1063 610 1302 645 convenirent
1325 611 1504 657 simulque
1521 622 1584 646 no-

889 665 971 688 vum
1005 665 1121 698 prope
1155 655 1279 699 poesis
1313 666 1430 700 genus
1466 659 1592 691 osten-1

890 699 1027 733 derent.
1051 698 1181 744 Itaque
1196 699 1241 734 de
1254 703 1410 745 utroque
1422 699 1494 735 hoc
1526 711 1592 736 oe-v

888 746 1024 778 matum
1037 754 1171 788 genere
1183 743 1312 788 paucis
1331 743 1499 789 explican
1525 756 1592 780 um.

891 791 955 822 est.
979 788 1022 822 In
1035 799 1107 832 quo
1120 788 1269 840 negotio
1284 788 1338 823 sic
1348 789 1592 834 versabimur,

888 835 930 865 ut
948 832 1152 867 disserendi
1169 832 1311 867 mitium
1324 844 1347 868 a
1364 833 1585 869 carminibus

888 876 1013 921 lyricis
1026 877 1215 912 faciamus

923 921 1031 962 Quod
1054 921 1166 966 igitur
1189 925 1302 966 poeta
1330 922 1402 957 iam
1431 923 1517 958 olim
1546 923 1585 958 in

891 965 1094 1000 scribendis
1108 965 1236 1001 Satiris
1249 970 1287 1002 et
1297 967 1438 1011 Epodis
1450 967 1586 1003 facien-

890 1011 974 1044 dum
988 1010 1058 1045 sibi
1072 1014 1260 1055 statuerat,
1284 1015 1326 1046 ut
1337 1022 1412 1047 non
1431 1012 1589 1047 aliorum

889 1055 1030 1099 legeret
1042 1055 1214 1101 vestigia,
1234 1059 1298 1091 aut
1308 1056 1395 1091 trita
1413 1057 1472 1092 via
1489 1057 1586 1092 ince-

890 1099 1002 1144 deret,
1023 1100 1088 1134 sed
1100 1111 1197 1135 nova
1208 1104 1388 1146 pangeret
1401 1105 1584 1146 poemata,

890 1144 1022 1188 quibus
1035 1144 1179 1180 litterae
1191 1145 1348 1180 Latinae
1359 1156 1455 1180 novo
1475 1146 1584 1181 modo

888 1188 1176 1233 illustrarentur,
1211 1189 1308 1224 idem
1332 1190 1441 1225 etiam
1465 1190 1503 1225 in
1527 1202 1586 1225 ca-

888 1233 1023 1277 piendo
1053 1233 1249 1278 lyricorum
1279 1235 1476 1270 carminum
1501 1236 1587 1270 scri-

889 1278 1093 1312 bendorum
1124 1279 1278 1314 consilio
1311 1283 1488 1325 sequutus
1517 1283 1584 1316 est.

888 1323 1032 1357 Etenim
1044 1323 1200 1358 Romani
1219 1334 1262 1358 ex
1281 1334 1353 1369 quo
1374 1335 1455 1360 sese
1473 1324 1526 1359 ita
1537 1325 1586 1360 ad

888 1367 1091 1402 litterarum
1099 1368 1218 1402 studia
1226 1369 1413 1412 dederant,
1422 1373 1465 1403 ut
1472 1368 1586 1404 Grae-

889 1422 1012 1446 corum
1027 1413 1228 1457 exemplum
1243 1413 1281 1447 in
1294 1412 1346 1448 eis
1359 1414 1585 1448 aemularen-

886 1459 962 1501 tur,
998 1456 1140 1491 etiamsi
1175 1457 1249 1491 alia
1281 1457 1405 1509 poesis
1435 1469 1583 1504 genera,

886 1501 1038 1535 maxime
1053 1501 1206 1546 epicum,
1228 1505 1315 1536 satis
1331 1502 1494 1538 studiose
1513 1506 1585 1538 tra-

887 1546 1095 1588 ctavissent,
1110 1550 1231 1581 tamen
1244 1557 1311 1590 pro
1318 1546 1584 1592 nativaingenii

888 1590 943 1624 sui
954 1590 1089 1633 indole,
1111 1602 1184 1635 qua
1201 1591 1317 1636 magis
1335 1591 1383 1626 ad
1402 1603 1424 1626 a
1452 1592 1584 1627 endum

888 1646 996 1680 quam
1024 1636 1071 1669 ad
1101 1635 1330 1670 sentiendum
1357 1636 1436 1671 fere
1465 1640 1583 1681 antur,

886 1679 1039 1724 lyricum
1063 1690 1180 1724 genus
1211 1680 1304 1714 adeo
1329 1681 1582 1732 neglexerant,

886 1727 927 1758 ut
944 1723 981 1757 in
1000 1735 1043 1758 eo
1064 1735 1181 1769 usque
1201 1725 1248 1759 ad
1261 1725 1406 1760 Horatu
1425 1730 1584 1760 aetatem

886 1769 1025 1802 nullum
1046 1769 1277 1812 probabilem
1300 1773 1448 1814 poetam
1471 1770 1583 1805 habe-

886 1817 977 1847 rent.
1012 1813 1067 1848 Ne
1096 1824 1141 1848 ue
1161 1813 1255 1848 enim
1268 1818 1333 1849 aut
1345 1814 1506 1849 Laevius
1519 1818 1584 1849 aut

887 1857 1050 1891 Licinius
1106 1858 1209 1892 alvus
1223 1862 1238 1886 l
1268 1862 1332 1893 aut
1360 1859 1458 1893 ullus
1487 1860 1581 1894 alius

887 1902 1002 1937 maius
1023 1903 1195 1948 quiddam
1214 1903 1335 1937 hocin
1349 1914 1484 1948 genere
1499 1915 1581 1939 con-

888 1950 1060 1991 sequutus
1075 1951 1163 1982 erat.
1199 1947 1254 1981 Ac
1266 1959 1311 1982 ne
1326 1947 1493 1982 Catullus
1507 1948 1583 1994 qui-

887 1992 967 2026 dem
982 2002 1062 2026 cum
1074 1992 1380 2036 poetaVenusino
1394 1994 1459 2027 utl
1505 1993 1583 2028 icus

886 2036 962 2070 ullo
971 2037 1079 2070 modo
1089 2038 1352 2081 comparandus
1358 2005 1583 2082 fuit.QyJippe

885 2080 916 2115 is
931 2085 968 2116 et
984 2082 1205 2125 paucissima
1225 2081 1371 2126 scripsit
1387 2082 1520 2127 lyrica,
1547 2085 1584 2116 et

888 2125 917 2158 si
955 2137 1023 2160 uae
1037 2125 1074 2159 id
1089 2137 1204 2171 genus
1218 2126 1255 2160 in
1267 2127 1386 2162 lucem
1399 2127 1524 2172 edidit,
1539 2137 1583 2161 ea

887 2136 1160 2204 abql-Ioratianis
1180 2170 1344 2205 exhibuit
1361 2171 1512 2205 multum
1532 2171 1582 2204 di-

886 2225 1003 2249 versa.
1028 2215 1210 2255 Quocirca
1226 2215 1363 2260 primus
1377 2215 1495 2250 extitit
1506 2216 1582 2250 Ho-

163 2269 257 2303 quae
297 2269 382 2292 uum
396 2260 442 2293 ad
456 2259 598 2294 litteras
610 2259 762 2293 Latinas
782 2258 861 2292 illu—
885 2259 1017 2302 ratius,
1054 2259 1116 2304 qui
1141 2260 1203 2293 diu
1226 2261 1435 2304 neglectum
1457 2260 1581 2305 poesis

164 2307 264 2337 stran
292 2315 332 2338 as
356 2303 534 2348 facerent,
559 2307 635 2337 tum
658 2307 861 2348 temporum
886 2314 1003 2347 genus
1021 2305 1169 2338 tandem
1191 2307 1367 2339 tractaret
1386 2304 1581 2347 sollertius,

164 2348 367 2382 conditioni
380 2352 505 2382 essent
524 2348 644 2382 satiris
658 2359 860 2383 accommo-
885 2348 1014 2382 Alcaei
1043 2348 1206 2392 inprimis
1235 2352 1273 2383 at
1300 2360 1345 2383 ue
1375 2348 1423 2383 Sa
1450 2349 1582 2394 phonis

164 2392 307 2427 datiora
319 2395 357 2427 et
370 2393 676 2427 convenientiora.
700 2392 862 2427 Transiit
886 2393 1051 2437 exemplo
1083 2393 1130 2427 ad
1158 2392 1284 2427 imitan
1311 2404 1372 2427 um
1402 2405 1431 2427 si
1459 2393 1472 2427 i
1500 2404 1581 2438 pro-

162 2437 273 2482 igitur
284 2436 438 2482 primum
456 2438 503 2472 ad
522 2438 714 2472 colendam
731 2438 861 2482 poesin
884 2438 1023 2482 posito,
1054 2448 1207 2483 quorum
1229 2437 1357 2472 laudes
1383 2437 1583 2473 celebravit

162 2481 315 2526 lyricam
329 2493 480 2527 eamque
493 2481 660 2516 Aeoliam
675 2483 750 2516 sive
763 2481 860 2516 meli-
886 2482 1012 2516 eximie
1038 2480 1154 2515 Carm.
1178 2481 1227 2515 H.
1252 2481 1304 2516 13.
1353 2482 1581 2528 Quamquam

164 2537 260 2570 cam,
285 2530 414 2571 utpote
441 2530 635 2571 cognatam
658 2526 759 2561 illam
784 2537 861 2561 cum
885 2527 994 2561 etiam
1012 2525 1293 2571 Anacreontem,
1319 2525 1579 2570 Stesichorum,

162 2571 267 2616 poesi
279 2571 527 2623 Archilochia,
548 2571 667 2616 qualis
680 2571 718 2605 in
731 2571 860 2616 epodis
886 2570 1107 2605 Simonidem
1125 2574 1163 2605 et
1174 2571 1373 2606 Pindarum
1386 2571 1433 2606 ob
1453 2571 1579 2606 oculos

165 2616 336 2651 cernitur.
368 2615 459 2650 Eam
472 2627 565 2650 emm
579 2619 616 2650 et
627 2617 743 2660 ipsam
756 2615 861 2667 lyrici
884 2615 1029 2654 habuit,
1056 2625 1148 2653 quos
1172 2615 1260 2650 item
1278 2614 1395 2651 Carm.
1413 2613 1477 2651 IV.
1495 2615 1528 2660 9,
1547 2615 1579 2649 4.

163 2661 455 2716 Qris’
477 2660 565 2695 satis
578 2660 742 2695 videmur
754 2672 791 2694 ¹¹²
805 2671 874 2715 ⁸¹¹‘1
917 2685 932 2709 1
950 2684 993 2709 ne
1006 2684 1049 2709 his
1061 2684 1142 2709 docte
1161 2684 1291 2715 exposuit
1310 2684 1459 2711 wercum-t.
1470 2684 1578 2710 roem.

196 2719 212 2745 1
229 2726 257 2744 v.
266 2718 347 2744 Sat-1.
356 2719 381 2750 4,
389 2718 421 2743 82
428 2724 487 2750 sqq.
496 2718 624 2749 116.11.7,
633 2719 674 2743 36.
683 2719 719 2743 ΙΙ.
728 2719 752 2749 6,
761 2719 792 2743 31
800 2724 859 2750 sqq.
871 2716 874 2746 Ι
884 2718 947 2743 Lat.
960 2717 1031 2743 Roll.
1045 2725 1071 2749 p.
1086 2719 1117 2743 19
1124 2725 1183 2749 sqq.
1579 2737 1582 2739 i
