1572 2756
83 122 170 153 *XII
598 126 648 152 DE
674 126 760 152 VITA
783 126 832 157 ΕΤ
855 125 1014 153 scmus

94 197 415 232 11.indecimisexi
443 197 548 232 endis
557 198 791 233 centesimam
815 198 937 233 matio.
983 198 1148 234 Deduxit
1167 199 1280 246 igitur
1301 202 1509 245 pateream

95 242 205 277 sortis
228 245 370 286 partem
394 242 424 276 si
452 242 464 275 i
487 242 576 286 ipsis
596 243 791 288 cogebant.
815 243 979 287 Romam,
992 243 1098 278 utibi
1111 254 1174 279 eas
1186 247 1340 280 artesae
1353 243 1504 289 discipli·

95 286 341 328 Quamobrem
359 286 422 322 ille
436 286 546 321 etiam
563 287 792 332 praediolum
815 298 882 321 nas
901 287 1118 332 perciperet,
1140 299 1242 333 quas,
1256 291 1298 325 ut
1307 292 1422 334 poeta
1431 288 1510 333 ipse

94 331 170 366 sive
205 331 366 376 agellum
399 331 566 375 possedit
593 331 790 376 Venusiae,
816 331 954 375 scribit,
984 333 1112 378 „quivis
1135 344 1233 378 eque-9
1256 339 1356 378 atque
1376 339 1511 368 senator

94 375 158 420 qui
173 379 295 410 tamen
313 378 399 426 post
421 375 535 420 ipsius
560 376 699 410 obitum
718 386 791 410 non
814 382 912 410 semet
919 383 1109 421 proynatos
1121 377 1254 415 docet-1⁶⁴⁶
1265 377 1387 412 vellet.
1416 376 1511 418 Quin

93 419 204 455 cessit
215 420 253 454 in
260 419 326 453 filii
331 419 614 464 possessionem,
628 424 791 465 propter-
815 421 923 455 etiam
936 431 1017 455 eum
1031 421 1176 456 omnino
1189 421 1318 457 habuit
1333 421 1511 457 liberalis·

93 475 138 499 ea
162 465 261 509 quod
278 463 459 508 Venusia,
484 468 525 498 ut
547 465 656 499 modo
682 466 711 498 si
766 465 790 498 i-
816 465 915 509 sime,
955 465 1257 511 uandoquidemi
1285 465 1316 500 si
1327 466 1508 510 vestitum,

91 508 291 551 ficavimus,
311 508 349 542 in
361 519 510 543 numero
524 519 649 543 eorum
661 509 718 544 Ita
733 509 790 544 iae
815 509 877 554 qui
892 519 939 544 no
969 509 1053 544 ilem
1067 510 1214 544 deceret
1225 521 1248 546 a
1275 510 1509 555 olescentem,

92 553 311 598 oppidorum
330 552 410 596 fuit,
458 564 585 587 uorum
606 553 687 598 agri
705 565 736 588 a.
756 565 790 587 u.
815 557 926 599 atque
934 554 1025 588 adeo
1036 553 1510 600 servospedisequosdedit.

91 598 167 631 712.
185 598 244 631 vel
262 597 383 648 potius
403 564 478 631 71q3.
499 598 682 632 veteranis
701 598 790 632 mili-
813 598 899 642 Ipse
911 602 1031 633 autem
1051 597 1154 632 affuit
1170 598 1246 633 filio
1265 602 1389 634 eustos
1399 599 1510 634 hone-

90 641 191 678 tibus
205 642 382 686 assignati
402 645 495 675 sunt.
531 642 661 687 Itaque
674 642 790 677 Hora-
816 642 921 677 statis
946 646 983 677 et
1006 643 1127 677 bonae
1146 642 1266 678 famae
1281 643 1510 689 religiosissi-

89 686 162 720 tius
175 686 290 730 Epist.
304 686 351 719 Π.
365 686 397 729 2,
409 685 463 720 49.
484 698 533 720 me
551 687 701 721 dimisere
713 688 790 721 Phi·
814 698 904 731 mus,
923 691 965 720 ut
977 687 1085 722 etiam
1102 687 1357 732 magistrorum
1375 687 1511 723 scholis

91 731 176 776 lippi
191 731 308 764 decisis
330 731 484 764 humilem
534 732 626 764 ennis
644 732 699 765 ino
725 743 790 766 em·
814 742 888 766 una
901 742 982 765 cum
1000 731 1064 765 illo
1082 731 1288 776 interesset,
1308 731 1511 767 consuevit-

90 787 154 826 que
160 776 300 820 paterni
309 781 339 808 et
353 776 436 808 laris
448 781 478 808 et
508 777 599 809 unclz'.
635 774 682 810 Se
722 776 791 810 hae
816 786 885 820 que
906 787 987 810 eum
1004 787 1119 821 usque
1144 776 1182 810 in
1200 775 1385 814 hominum
1402 775 1513 810 vitam

90 819 153 854 ille
179 830 291 864 quum
313 830 400 853 usus
432 819 478 853 sit
500 831 620 854 rerum
646 831 792 854 suarum
814 820 947 854 intueri
964 820 1123 865 indeque
1143 820 1214 855 sibi
1231 820 1377 855 vivendi
1395 830 1512 856 exem-

89 863 238 900 fortuna
251 867 289 898 et
302 863 523 908 conditione,
543 867 665 898 tamen
677 865 791 900 neuti-
814 865 915 908 plum
929 875 1087 908 sumere,
1103 864 1143 898 id
1182 865 1255 898 uod
1269 864 1378 899 claris
1390 864 1512 899 verbis

92 907 478 953 quamfuitdivesauto
492 909 791 950 Julentus.Quam-
815 911 983 943 narratur
1007 907 1082 943 Sat.
1101 909 1130 943 I.
1179 935 1188 953 ,
1207 909 1250 943 77
1269 920 1348 960 sqq.
1372 912 1410 944 et
1431 908 1460 943 I.
1476 908 1510 951 4,

91 953 219 988 obrem
238 953 284 987 ab
302 953 456 987 Horatio
503 957 550 987 at.
565 953 594 987 Ι.
613 954 644 997 6,
665 954 717 988 71.
731 964 791 987 vo·
816 952 1013 987 105—126.
1050 953 1277 998 Quamquam
1295 965 1334 987 in
1345 952 1426 988 istis
1439 963 1513 988 om-

91 1000 196 1032 catur
219 1009 357 1039 „macro
406 1009 511 1042 auper-
529 999 673 1042 aqellm‘,
697 998 791 1042 ipse·
815 997 934 1048 nibus,
947 997 987 1031 id
1000 998 1099 1042 quod
1111 998 1336 1032 luculentum
1350 1008 1438 1035 sane
1452 1007 1514 1042 ge-

91 1053 164 1087 que
194 1040 292 1075 filius
322 1041 357 1075 vi
385 1042 436 1076 eri
465 1043 542 1076 vult
577 1068 597 1084 ,,
630 1054 793 1086 auperum
815 1052 937 1076 neroffl
949 1041 1058 1076 animi
1077 1045 1328 1087 argumentum
1341 1045 1398 1076 est
1428 1052 1514 1077 neu-

89 1087 228 1131 sanquis
240 1091 443 1131 parentum“
463 1085 579 1121 Carm.
588 1054 635 1121 ff
653 1087 708 1131 20,
717 1087 748 1121 6.
756 1091 794 1121 et
815 1086 954 1131 tiquam
973 1090 1122 1121 externa
1140 1087 1332 1121 commoda
1350 1090 1388 1121 et
1426 1096 1513 1120 ono-

90 1132 148 1175 „in
171 1132 261 1165 tenui
275 1142 313 1164 re
331 1132 474 1165 maiores
490 1142 623 1175 pennas
641 1133 718 1165 nido
736 1143 792 1165 ex·
815 1141 874 1165 res
900 1130 1095 1174 spectavit,
1127 1130 1189 1176 qui
1213 1130 1299 1164 olim
1326 1130 1404 1166 filio
1427 1130 1513 1165 inde

92 1176 254 1210 tondisse⁶⁴
274 1175 390 1219 Epist.
403 1175 432 1208 Ι.
446 1176 500 1218 20,
514 1176 558 1209 20
572 1187 624 1220 sq.
662 1176 792 1216 Quam—
818 1174 989 1219 sperandi
1003 1178 1136 1219 essent,
1147 1175 1212 1209 sed
1222 1175 1331 1210 unice
1343 1175 1514 1210 honesta-

92 1230 201 1265 quam
213 1223 334 1253 autem
351 1223 457 1263 pater
470 1219 645 1254 Horatius
660 1220 792 1264 opibus
816 1222 889 1253 tem
919 1219 996 1254 eius
1027 1223 1064 1254 at
1090 1230 1136 1254 ue
1165 1218 1356 1254 liberalem
1383 1218 1514 1254 mentis

90 1263 236 1298 minime
263 1264 490 1307 abundabat,
515 1268 636 1298 tamen
662 1275 706 1299 ea
723 1264 794 1298 fuit
817 1263 1070 1308 animiqueeru
1100 1263 1440 1299 itionemoboculos
1452 1263 1516 1298 ha·

90 1308 207 1360 ipsius
226 1308 400 1342 honestas
420 1312 457 1343 et
469 1319 649 1354 generosa
662 1309 792 1343 libera-
817 1307 907 1352 buit,
917 1312 1075 1342 ceterum
1087 1308 1196 1353 plane
1211 1318 1513 1352 seeurus,praeco

91 1353 188 1396 litas,
207 1356 248 1386 ut
271 1351 385 1386 filium
402 1353 502 1387 bona
519 1353 555 1387 in
585 1353 656 1387 enii
668 1353 792 1387 indole
816 1352 878 1386 ille
892 1363 938 1386 an
953 1355 1101 1386 coactor
1113 1352 1312 1397 aliquando
1321 1356 1421 1387 esset
1433 1362 1514 1386 eva-

90 1397 298 1449 praeditum
314 1397 367 1431 ita
380 1397 514 1431 erudiri
527 1408 570 1431 ve
590 1398 650 1441 let,
669 1402 711 1431 ut
722 1398 793 1432 hac
818 1408 941 1439 surus;
959 1408 991 1430 v.
1005 1395 1080 1430 Sat.
1093 1396 1122 1430 I.
1135 1397 1167 1440 6,
1181 1397 1235 1431 86.
1271 1396 1442 1431 Tradidit
1453 1407 1514 1430 au·

91 1453 130 1476 1n
142 1446 247 1486 parte
261 1442 430 1486 ingenuis
444 1453 487 1476 ac
505 1442 692 1476 nobilibus
706 1442 792 1476 ado·
815 1445 888 1475 tem
901 1439 1015 1474 filium
1028 1441 1065 1474 in
1079 1440 1515 1486 compluriummagistro-

91 1485 316 1521 lescentibus
336 1497 444 1530 quam
466 1485 649 1519 minimum
665 1497 792 1520 conce-
816 1497 894 1518 rum
930 1485 1175 1530 disciplinam,
1219 1484 1516 1530 quandoquidem

92 1531 207 1565 deret.
244 1530 361 1571 Quam
383 1529 530 1564 fidelem
542 1530 656 1574 ipsius
671 1542 793 1565 curam
816 1532 928 1574 poeta
952 1528 1025 1564 Sat.
1049 1530 1078 1564 I.
1101 1530 1138 1574 6,
1162 1529 1216 1564 82.
1245 1530 1364 1574 ipsum
1389 1528 1516 1564 scribit

91 1580 167 1609 tam
197 1579 301 1619 grato
326 1574 446 1608 animo
502 1574 667 1609 raedicat
695 1574 953 1625 filius'omnes
987 1576 1112 1608 circum
1139 1575 1333 1608 doctores
1361 1573 1512 1618 affuisse.

93 1619 168 1654 Sat.
182 1619 210 1653 Ι.
225 1620 256 1662 6,
272 1619 312 1652 71
324 1630 401 1670 sqq.
414 1622 456 1652 ut
475 1586 606 1653 dubius
626 1619 791 1663 haereas,
802 1634 806 1680 1
817 1618 990 1654 Nimirum
1019 1618 1212 1653 verisimile
1242 1621 1300 1654 est
1321 1618 1515 1653 Horatium

91 1663 256 1742 magisne
277 1663 329 1697 ibi
346 1667 522 1707 pietatem
545 1663 557 1696 i
586 1663 660 1697 sius
685 1675 793 1708 quam
818 1663 963 1696 omnino
978 1673 1021 1697 ea
1031 1662 1258 1697 institutione
1273 1666 1310 1697 et
1323 1662 1516 1707 disciplina

91 1719 150 1743 mo
180 1708 320 1751 estiam,
347 1719 455 1752 quam
479 1718 545 1752 pro
575 1707 657 1751 idit,
683 1708 792 1742 admi·
817 1719 923 1740 usum
935 1717 1027 1750 esse,
1043 1707 1187 1752 qualem
1201 1718 1311 1751 supra
1324 1707 1514 1742 adumbra-

91 1753 194 1788 reris.
240 1752 436 1796 Prospexit
465 1752 576 1797 igitur
598 1757 703 1796 pater
727 1752 792 1786 filii
818 1751 944 1794 vimus,
958 1751 1010 1786 ita
1022 1756 1063 1785 ut
1074 1763 1142 1796 pro
1160 1762 1260 1786 more
1273 1751 1371 1786 illius
1383 1750 1514 1786 aetatis

93 1796 289 1832 eruditioni
309 1797 429 1830 statim
447 1808 469 1830 a
481 1797 597 1840 prima
616 1797 692 1830 eius
705 1807 792 1841 pue-
817 1807 892 1830 non
904 1796 1012 1830 modo
1033 1796 1301 1840 grammaticos,
1323 1795 1390 1831 sed
1406 1795 1516 1831 etiam

93 1842 189 1876 ritia.
221 1841 315 1875 Nam
332 1841 392 1875 hic
406 1852 516 1886 quum
535 1841 693 1886 legendi,
709 1841 792 1875 scri·
817 1841 982 1874 rhetores
1008 1841 1173 1874 audierit.
1215 1841 1444 1885 Quamquam
1468 1839 1514 1874 de

91 1885 205 1921 bendi
213 1889 250 1920 et
261 1885 792 1930 numerandielementaperce-
817 1885 917 1918 hisce
945 1885 1072 1918 studiis
1096 1885 1210 1929 ipsius
1229 1885 1320 1919 nihil
1337 1884 1426 1919 certi
1443 1894 1515 1918 me-

93 1931 221 1976 pisset,
241 1941 335 1975 quae
354 1930 388 1964 ei
407 1930 599 1964 verisimile
619 1935 676 1964 est
693 1941 793 1964 more
817 1929 952 1963 moriae
1001 1929 1158 1963 roditum
1183 1933 1249 1963 est.
1291 1929 1388 1963 Illud
1406 1939 1515 1963 unum

92 1975 243 2026 antiquo
258 1975 304 2009 ab
319 1974 399 2019 ipso
414 1978 578 2019 parente,
598 1979 640 2008 ut
652 1974 794 2009 videtur
818 1984 861 2008 ex
874 1973 964 2007 Hor.
1011 1973 1093 2016 pist.
1107 1973 1196 2017 11.1‚
1212 1974 1254 2008 69
1262 1985 1305 2018 sq
1334 2000 1341 2007 .
1357 1976 1513 2016 constat,

92 2031 167 2055 non
186 2019 335 2053 nidocto
354 2019 444 2062 viro,
470 2018 584 2053 fuisse
597 2019 791 2062 impertita,
817 2018 911 2051 inter
929 2018 1197 2061 grammaticos,
1222 2029 1244 2051 a
1263 2028 1326 2062 qul
1354 2029 1396 2051 us
1414 2016 1514 2051 insti-

92 2065 212 2099 noluit
223 2063 283 2097 hic
296 2075 377 2098 eum
389 2063 461 2097 iam
469 2063 692 2097 committere
706 2063 792 2097 ludo
817 2066 916 2096 tutus
931 2066 997 2105 est,
1013 2061 1125 2095 fuisse
1141 2061 1317 2096 Orbilium
1329 2061 1514 2097 Beneven-

95 2109 293 2154 oppidano,
303 2108 517 2142 cuiFlavius
533 2107 678 2152 quidam
690 2118 793 2151 prae·
818 2110 953 2149 tanum,
968 2106 1149 2140 hominem
1162 2106 1366 2151 plagosum,
1375 2105 1436 2150 qui
1449 2116 1514 2156 pu-

94 2158 186 2196 erat,
201 2153 289 2186 licet
301 2152 423 2196 magni
442 2163 486 2186 ac
505 2152 652 2196 superbi
671 2155 793 2185 centu·
818 2151 888 2185 eris
913 2151 1050 2184 dictare
1076 2151 1221 2184 solebat
1244 2149 1403 2184 carmina
1420 2149 1515 2183 Livii

93 2198 238 2233 rionesl
255 2196 352 2231 filios
372 2207 458 2230 suos
483 2207 563 2230 eum
582 2196 706 2230 ludum
724 2195 793 2230 fre·
817 2194 1018 2228 Andronici
1043 2206 1086 2229 ea
1114 2205 1158 2228 ue
1181 2205 1248 2238 per
1269 2197 1374 2239 terga
1401 2193 1515 2228 incul-

120 2246 272 2277 uentare
297 2241 476 2285 iuberent,
509 2240 651 2275 scilicet
674 2239 794 2274 omnia
818 2249 919 2283 care,
935 2239 998 2273 sed
1013 2206 1347 2283 eundemperquam
1356 2239 1515 2282 doctum,

93 2286 362 2322 ilireferentes
382 2286 429 2320 ad
449 2289 639 2330 quaestum
652 2288 689 2319 et
699 2284 794 2318 utili·
818 2284 863 2318 de
909 2294 955 2317 uo
974 2283 1081 2327 plura
1099 2281 1247 2317 Sueton.
1285 2282 1344 2316 De
1362 2281 1516 2317 Illustri—

94 2335 220 2375 tatem,
248 2331 393 2376 qualem
417 2329 582 2374 legendi,
610 2328 794 2363 scribendi
817 2328 886 2362 bus
930 2326 1304 2371 rammaticisCap.9.1
1346 2325 1412 2361 Cui
1424 2325 1515 2360 illud

95 2375 333 2420 inprimisque
358 2374 572 2408 numerandi
597 2379 693 2408 artes
712 2384 794 2424 pro·
819 2372 1025 2406 addendum
1038 2375 1103 2414 est,
1125 2372 1222 2415 quod
1236 2382 1280 2405 ex
1293 2371 1408 2415 Epist.
1419 2371 1468 2405 11.
1481 2370 1514 2413 2,

94 2421 298 2463 mitterent,
316 2418 408 2453 nihil
428 2419 633 2462 cogitantes
648 2419 691 2452 de
705 2418 794 2452 hbe-
817 2416 871 2450 42.
885 2415 1113 2459 intelligitur,
1135 2427 1216 2449 cum
1229 2420 1304 2449 tum
1318 2416 1428 2450 etiam
1438 2415 1514 2448 Ho—

95 2465 230 2500 raliore
254 2474 448 2508 puerorum
473 2462 707 2506 educatione,
738 2462 807 2496 cuii
851 2476 865 2499 1
890 2475 1051 2499 nemon-am
1062 2474 1115 2498 viri
1133 2473 1167 2498 ab
1180 2473 1290 2498 iniustis
1310 2471 1514 2504 suspicionibus

95 2509 288 2556 proposita
311 2512 367 2542 est
390 2507 627 2541 humanitatis
653 2497 973 2543 consor-{vindicavit
994 2507 1048 2547 A'd.
1063 2507 1155 2546 ‚⁶⁰5st
1175 2507 1280 2538 Lange,
1304 2506 1406 2546 {lector
1427 2511 1513 2537 quon-

819 2542 881 2566 dam
893 2542 1043 2570 Portensis,
1062 2547 1091 2565 in
1110 2540 1194 2565 libro:
1219 2539 1394 2565 Vermrschte
1411 2537 1514 2564 Schrif-

130 2581 145 2604 1
168 2579 205 2604 111
219 2579 291 2603 enim
311 2579 339 2602 in
352 2576 462 2602 colonia
479 2575 527 2601 illa
539 2576 682 2602 Venusina
695 2576 795 2607 prima·
819 2578 865 2599 ten
879 2582 904 2599 u.
920 2574 1021 2603 Redeu,
1035 2574 1198 2604 hernusgeg.
1208 2580 1234 2598 v.
1245 2571 1510 2604 Carmena-Jacob.

99 2614 154 2639 rias
166 2615 258 2644 partes
272 2611 360 2643 egisse
375 2611 513 2636 videntur.
806 2609 895 2641 iIAps.
909 2609 982 2633 1832.
996 2615 1023 2639 p.
1038 2608 1085 2632 182
1099 2614 1157 2640 sqq.
