1592 2808
180 232 264 262 LVI
683 236 735 262 DE
759 237 848 263 VITA
869 237 920 264 m·
943 237 1102 265 SCRIPTIS

181 307 249 342 bus
269 307 420 352 dig-num
441 307 668 352 praedicant.
699 307 878 349 Quorsum
904 310 1171 355 726.pertinere
1179 311 1412 347 arbitrantur.
1431 308 1592 352 Atenixsa

207 351 366 387 ertinent
379 352 506 386 decem
513 351 590 387 fere
600 352 760 388 carmina
768 354 877 389 haec:
903 366 988 390 vero
997 367 1042 390 ne
1056 356 1149 390 illud
1161 355 1308 401 quidem
1320 357 1484 392 continet
1496 355 1592 410 qui&

203 424 209 430 .
223 397 254 431 2.
267 397 299 431 3.
313 396 344 431 4.
357 396 388 431 5.
402 397 434 430 6.
448 397 500 431 16.
512 397 566 431 23.
575 397 628 431 24.
636 397 690 431 29.
709 398 766 433 Ea
778 410 875 443 vero,
903 411 1028 444 quam,
1070 401 1167 435 unde
1203 399 1281 435 eius
1315 401 1476 447 origines
1510 413 1524 436 1

180 441 241 487 qui
259 442 405 476 tertium
423 442 555 475 librum
573 442 644 476 iam
657 447 741 477 ante
755 455 787 478 a.
801 444 876 478 730.
901 445 1114 480 referendas
1140 456 1222 480 esse
1245 445 1438 491 perspicue
1467 446 1542 482 inte
1581 466 1592 478 ι.

180 486 354 531 scriptum
380 497 462 520 esse
494 491 662 530 censent,
698 488 802 532 plera
830 500 876 523 ue
902 494 1019 534 gatur.
1067 491 1146 525 Nec
1169 500 1256 524 vero
1281 501 1325 525 ex
1348 501 1441 526 vers.
1466 491 1564 526 9—-1

179 532 301 566 omnia
319 543 351 565 a.
365 531 439 565 726.
459 532 518 566 vel
533 532 607 565 727.
628 532 764 577 scripta
783 544 823 567 ar
850 533 876 566 i-
902 535 976 568 ullo
1018 535 1128 569 modo
1169 534 1389 580 intelligitur
1425 536 1592 580 scriptum

177 579 358 619 trantur‚1
395 581 593 620 propterea
617 578 715 622 quod
741 576 877 612 Caesar
901 579 992 612 illud
1006 590 1087 614 esse
1102 583 1300 624 antequam
1313 579 1419 625 signa
1431 580 1592 617 Romami:

179 619 402 654 Octavianus
432 620 503 654 iam
533 626 609 654 tum
641 622 686 656 de
716 623 876 656 moribus
901 624 1082 658 aParthis
1095 624 1240 658 reddita
1253 628 1387 659 essent.
1418 623 1558 660 Consul
1590 640 1592 644 ·

177 665 415 700 emendandis
436 665 664 711 cogitaverit.
707 666 779 701 Sed
801 679 875 702 ma·
901 668 997 702 enim
1031 669 1083 703 ibi
1118 673 1230 713 poeta
1258 669 1444 704 Romanos
1474 674 1556 704 vete

177 721 339 754 gnopere
359 721 534 754 veremur,
560 715 601 744 ut
619 722 663 744 ea
677 712 770 746 ratio
786 712 875 746 satis
901 714 997 747 mala
1027 715 1216 758 admonet,
1254 725 1348 765 quae
1378 714 1425 748 ab
1455 710 1592 759 impe&

177 756 300 789 valeat
314 755 362 788 ad
381 755 683 789 demonstrandas
703 756 793 790 istas
811 757 875 791 ho-
900 757 1069 792 hostibus
1093 763 1246 803 propter
1268 758 1491 803 impietatem
1518 756 1592 841 ᾖ

175 810 255 833 rum
274 799 473 834 carminum
491 800 651 844 origines
671 806 734 835 aut
751 812 818 845 per
837 812 874 835 se
900 802 999 846 pessi
1014 803 1096 846 sint,
1107 807 1143 837 et
1157 803 1290 848 quibus
1302 802 1365 837 isti
1377 802 1487 838 etiam
1500 815 1524 837 n

177 844 266 878 satis
284 843 388 878 firma
407 844 464 878 sit.
512 845 605 879 Nam
617 845 710 879 illud
723 850 763 879 ut
775 851 874 881 recte
901 848 1092 881 laetentur.
1141 847 1387 888 Quamobrem
1403 847 1456 882 illi
1475 847 1592 895 adluis

175 888 227 923 ita
252 892 449 932 statuatur,
476 889 537 934 qui
562 890 712 924 tandem
736 890 875 925 factum
900 903 987 935 prae
1002 892 1138 936 gaudio
1153 893 1303 926 renidere
1317 892 1497 927 dicuntur.
1526 892 1592 928 Vo)

177 933 339 968 dicemus
354 944 447 977 essc,
467 939 507 967 ut
520 934 699 968 Horatius
714 935 784 970 ista
799 947 874 970 car·
900 936 1048 970 risimile
1063 941 1185 971 autem
1198 947 1264 981 per
1277 947 1316 971 se
1330 941 1403 980 est,
1423 937 1495 971 hoc
1510 947 1587 983 quo-

175 978 273 1012 mina
286 989 359 1012 non
375 977 496 1012 statim
509 979 626 1022 primo
641 983 704 1013 aut
713 981 874 1014 secundo
901 991 972 1025 que
994 992 1139 1015 carmen
1156 981 1266 1025 plane
1286 981 1415 1016 eodem
1433 985 1588 1033 tempor}

175 1023 270 1057 libro
279 1023 468 1066 insereret,
479 1024 543 1057 sed
550 1023 674 1067 potius
684 1024 874 1058 intertium
901 1025 1075 1069 scriptum
1088 1037 1181 1069 csse,
1199 1037 1271 1071 quo
1286 1026 1448 1071 quinque
1461 1035 1592 1070 priora„

175 1068 353 1111 reficeret,
374 1078 498 1113 quem,
519 1068 548 1101 si
562 1068 650 1112 quid
666 1079 708 1102 ex
723 1069 875 1103 secundi
899 1074 1095 1114 propterea
1115 1071 1215 1115 quod
1235 1081 1316 1104 cum
1331 1070 1386 1104 his
1399 1070 1592 1106 manifeste

175 1112 873 1157 libriepilogocolligerelicet‚abinitio
900 1115 1055 1148 arctiore
1085 1115 1291 1160 argumenti
1325 1115 1586 1150 necessitudim

174 1168 220 1191 ne
247 1157 406 1191 scribere
433 1157 578 1201 quidem
599 1158 874 1192 constituisset?
901 1160 1123 1203 continetur,
1160 1159 1270 1204 idque
1301 1163 1403 1194 tanto
1428 1160 1586 1204 profect(

174 1201 319 1236 Deinde
351 1199 487 1236 Caesar
510 1201 701 1246 Augustus
733 1202 874 1237 etiamsi
901 1203 1129 1237 verisimilius
1149 1208 1223 1248 est,
1250 1205 1348 1250 quod
1360 1204 1446 1239 inde
1467 1214 1490 1238 a
1506 1214 1587 1239 vers

174 1247 245 1281 iam
259 1259 290 1280 a.
306 1246 380 1280 726.
395 1246 569 1290 regimine
584 1258 722 1280 morum
737 1248 873 1292 legum·
900 1248 941 1281 17
962 1259 1040 1294 sqq.
1065 1253 1191 1293 aperte
1217 1249 1320 1294 leges
1343 1248 1460 1284 Iuliae
1486 1258 1587 1294 quae-

176 1303 246 1337 que
266 1295 437 1334 suscepto
459 1302 607 1325 censum
620 1291 795 1335 instituit,
821 1293 874 1326 lu·
901 1293 983 1326 dam
997 1304 1028 1327 a.
1037 1293 1112 1327 736.
1122 1294 1219 1327 latae
1231 1293 1487 1338 respiciuntur,
1498 1294 1586 1339 quot‘

177 1342 290 1370 strum
308 1335 415 1377 fecit,
442 1340 608 1370 senatum
628 1336 736 1380 legit,
763 1340 873 1382 atque
899 1338 1082 1381 posterius
1095 1337 1428 1382 inprimisetiamde
1438 1338 1587 1372 carmin(

176 1381 285 1415 etiam
311 1381 354 1414 de
380 1391 518 1414 morum
538 1381 793 1416 emendatione
815 1392 874 1416 co·
899 1382 1071 1416 vicesimo
1093 1386 1223 1428 quarto
1244 1382 1297 1416 ita
1314 1382 1468 1417 iudicari
1489 1393 1585 1427 opor-

176 1425 324 1470 gitavit,
347 1429 470 1459 tamen
485 1425 713 1468 potissimum
727 1425 812 1460 iude
826 1426 872 1460 ab
898 1431 961 1461 tet.
996 1426 1127 1472 Itaque
1147 1437 1216 1461 nos
1230 1427 1377 1472 quidem
1389 1427 1547 1462 fatemur
1558 1426 1585 1462 i1

176 1481 272 1504 anno
287 1470 430 1503 demum
439 1469 746 1513 736.disciplinam
755 1471 872 1515 publi·
898 1482 942 1505 ea
956 1482 1037 1506 esse
1053 1471 1245 1514 sententia,
1259 1475 1302 1506 ut
1312 1471 1440 1506 librum
1447 1471 1584 1506 tertiun

176 1526 255 1549 cam
265 1515 459 1549 emendare
470 1515 871 1559 etcorrigereinstituit,
898 1516 1002 1550 annis
1023 1517 1166 1551 demum
1184 1515 1259 1551 735.
1279 1520 1317 1551 et
1335 1516 1410 1550 736.
1431 1517 1582 1551 elabora

176 1571 248 1611 quo
268 1564 432 1603 tempore
457 1559 576 1602 ipsum
595 1559 704 1594 etiam
730 1560 875 1604 sapien-
899 1565 973 1594 tum
1003 1564 1041 1595 et
1070 1561 1278 1595 confectum
1309 1571 1391 1595 esse
1441 1564 1584 1596 utemus

174 1605 332 1638 tissimas
358 1603 441 1637 illas
471 1604 590 1649 leges,
628 1605 871 1648 sumtuariam,
899 1604 1009 1639 Cuius
1039 1606 1186 1650 quidem
1215 1605 1300 1640 libri
1322 1605 1411 1640 indo
1429 1617 1468 1640 es
1493 1615 1580 1640 sane

177 1650 222 1683 de
247 1648 436 1683 adulteriis
462 1653 498 1682 et
516 1648 711 1692 pudicitia,
738 1650 782 1684 de
802 1661 872 1683 am·
925 1661 1006 1684 uam
1032 1651 1226 1695 singularis
1258 1654 1331 1694 cst,
1367 1649 1584 1695 quandoqui

176 1694 268 1737 him,
279 1694 323 1726 de
338 1693 550 1726 maritandis
565 1693 765 1737 ordinibus,
781 1694 873 1728 alias
899 1661 981 1728 {iem
1020 1694 1114 1729 inter
1150 1695 1310 1729 carmina
1343 1695 1524 1746 gravitate
1559 1705 1583 1730 e·

177 1738 366 1782 scripsisse
382 1738 608 1781 exploratum
617 1738 783 1772 habetur.
802 1738 873 1772 Ita·
899 1738 1091 1773 severitate
1109 1739 1220 1784 plena
1237 1745 1468 1784 reperiuntur
1486 1739 1583 1773 etian

177 1794 246 1828 que
257 1782 718 1822 carminaistaHoratiana‚
738 1784 782 1817 de
798 1783 872 1827 qui·
899 1783 1022 1825 multa,
1049 1795 1143 1828 quae
1156 1785 1267 1829 plane
1280 1785 1374 1818 alius
1390 1788 1474 1818 sunt
1487 1793 1580 1829 gene

176 1828 246 1863 bus
261 1828 426 1870 diximus,
442 1827 564 1871 potius
573 1827 660 1861 ada.
670 1827 744 1861 735.
754 1831 790 1862 et
799 1828 872 1861 736.
899 1828 957 1862 ris.
1010 1828 1187 1863 Nimirum
1227 1829 1372 1863 videtur
1406 1832 1518 1873 poeta
1552 1838 1583 1863 ez

175 1872 303 1907 referri
329 1877 615 1906 consentaneum
640 1877 711 1916 est,
738 1872 872 1917 quippe
899 1874 1073 1918 pleraque
1111 1873 1231 1908 omnia
1254 1873 1327 1907 iam
1351 1872 1437 1907 olim
1463 1873 1584 1907 lusisse

177 1917 310 1962 quibus
333 1921 444 1961 poeta
462 1916 702 1960 popularibus
724 1917 798 1950 suis
819 1928 873 1951 sa·
899 1917 1031 1961 partim
1061 1917 1226 1952 Graecos
1256 1922 1387 1962 poetas
1423 1917 1583 1951 imitatus

176 1961 539 2005 luberrimaAugusti
549 1961 702 1995 consilia
715 1962 766 1996 ita
780 1973 873 1996 com-
900 1963 1001 2002 Quae
1043 1973 1152 2007 quum
1188 1962 1323 1997 diutius
1359 1962 1584 2007 seposuisset

177 2007 348 2041 mendare
365 2005 556 2048 studuerit,
581 2010 621 2039 ut
634 2006 742 2040 etiam
756 2007 873 2051 ipsum
899 2018 996 2041 nunc
1037 2008 1165 2041 eadem
1205 2018 1280 2042 una
1321 2018 1401 2041 cum
1437 2006 1584 2041 cai-mim

177 2051 283 2085 simul
303 2050 462 2096 egregiis
482 2050 654 2084 laudibus
681 2051 874 2085 ornaverit.
901 2056 1030 2096 quarto
1062 2052 1203 2086 decimo
1234 2052 1306 2086 iam
1335 2062 1433 2086 anno
1458 2051 1533 2086 730.
1557 2050 1583 2085 i1

176 2096 306 2141 Neque
320 2106 406 2130 vero
420 2095 534 2128 ullum
549 2105 672 2129 eorum
686 2099 752 2139 est,
775 2096 874 2140 quod
899 2096 1058 2148 Augusti
1076 2107 1119 2131 ex
1132 2096 1315 2141 Hispania
1332 2096 1487 2131 reditum
1501 2106 1581 2130 com

177 2140 317 2192 aliquid
349 2140 551 2181 contineat,
590 2140 687 2173 unde
712 2141 875 2184 ipsorum
899 2146 1020 2186 posito
1045 2152 1119 2175 non
1145 2141 1222 2175 sine
1244 2151 1375 2175 caussa
1392 2141 1527 2175 idonea
1545 2139 1582 2174 di

178 2185 414 2229 scriptionem
433 2184 470 2218 in
495 2184 595 2218 aliud
619 2187 762 2228 tempus
787 2185 874 2219 inci·
900 2186 1050 2230 vulgare
1061 2185 1443 2220 constituit.Nonsine
1453 2195 1582 2219 caussa

178 2230 276 2264 disse
292 2235 391 2263 certo
413 2228 654 2263 demonstrari
675 2233 795 2274 queat.
831 2229 874 2263 Id
900 2231 1058 2275 inquam.
1082 2230 1249 2275 Agitavit
1261 2230 1356 2265 enim
1369 2230 1443 2273 ille,
1463 2229 1493 2263 si
1507 2229 1582 2274 qui(

178 2275 277 2319 quod
296 2275 341 2308 de
362 2274 519 2308 carmine
538 2273 672 2317 primo,
699 2274 873 2317 secundo,
901 2275 1081 2309 coniicere
1100 2286 1307 2319 possumus,
1331 2278 1408 2309 tum
1419 2285 1544 2308 rursus
1556 2273 1582 2307 i<

178 2319 327 2363 tertio‚2
353 2322 495 2363 quarto,
522 2318 664 2363 quinto,
692 2322 794 2352 sexto
814 2319 874 2353 de·
901 2319 1061 2363 consilii,
1097 2323 1139 2353 ut
1161 2320 1308 2354 tandem
1331 2318 1436 2370 poesi
1459 2318 1583 2363 lyrica·

178 2364 288 2407 cimo,
315 2363 415 2406 aliis,
442 2363 534 2396 adco
556 2367 613 2397 est
631 2363 873 2406 manifestum,
899 2365 936 2398 in
951 2375 1055 2398 omne
1069 2368 1141 2398 tem
1169 2375 1212 2398 us
1225 2364 1458 2398 valediceret.
1489 2363 1582 2404 Quo(

177 2414 217 2443 ut
237 2407 485 2452 disputatione
500 2408 608 2451 plane
623 2418 697 2441 non
711 2419 802 2452 opus
818 2408 874 2442 sit.
901 2420 1011 2460 quum
1026 2408 1114 2443 satis
1129 2420 1148 2443 c
1165 2419 1225 2443 are
1238 2412 1415 2453 appareat
1427 2419 1471 2442 ex
1490 2407 1579 2442 trice

179 2453 252 2488 Sed
267 2452 470 2487 dubitatum
490 2453 534 2486 dc
555 2456 656 2486 sexto
677 2456 749 2496 est,
775 2452 875 2497 quod
901 2464 986 2488 suno
1003 2453 1173 2497 carmine,
1193 2464 1265 2498 quo
1279 2452 1486 2487 continetur
1497 2451 1581 2486 terti

177 2498 323 2543 plurimi
348 2508 428 2531 cum
448 2497 645 2531 Massono3
669 2497 717 2531 ad
741 2508 874 2532 annum
899 2498 983 2532 libri
1008 2498 1194 2549 epilogus,
1226 2502 1302 2531 tum
1327 2497 1461 2549 certius
1486 2497 1582 2531 etian

213 2568 226 2591 1
245 2567 328 2592 sicuti
341 2566 551 2595 Lachmannus,
571 2565 721 2596 maumas,
740 2566 874 2591 Weberus
900 2554 942 2577 ⁰⁰
999 2547 1136 2577 oseltur
1154 2554 1197 2577 ex
1217 2541 1393 2577 suetonw
1410 2541 1484 2576 Vlt.
1502 2540 1582 2575 Hor

179 2601 320 2629 fecerunt,
341 2607 410 2631 quos
428 2606 516 2630 nuper
535 2599 700 2630 interpretes
713 2601 741 2625 ot
754 2599 874 2625 editores
899 2589 928 2630 ξ.
964 2588 1008 2631 0.,
1032 2587 1097 2621 ubi
1110 2586 1300 2633 Augustus
1320 2589 1490 2620 narratur
1506 2584 1577 2620 seri

179 2634 292 2659 odarum
305 2634 429 2664 plerique
442 2634 550 2664 sequuti
564 2635 638 2658 sunt.
693 2666 699 2670 ,
898 2637 961 2677 pta
991 2632 1069 2666 eius
1095 2633 1187 2666 adeo
1213 2630 1428 2676 probavisse
1453 2633 1490 2664 et
1512 2640 1578 2674 per

211 2669 227 2693 2
245 2667 317 2699 quod
336 2670 448 2698 propter
465 2673 567 2692 nomen
583 2667 699 2698 elumtstz
712 2667 750 2696 (v.
765 2667 820 2696 11.)
838 2673 874 2692 ne

179 2700 388 2734 potuitquidem
396 2703 460 2726 ante
467 2700 698 2726 a.u.727.litteris
706 2701 872 2732 consignari.
897 2680 1009 2722 petuo
1028 2687 1198 2711 mansura
1216 2680 1384 2721 Pumsse’
1407 2678 1449 2710 ’ω’
1466 2674 1501 2708 ei
1518 2685 1580 2710 Ποῖ

213 2735 229 2761 a
246 2734 590 2767 vit.norat.p.1sosqq.
898 2721 1007 2756 modo
1044 2732 1191 2756 carmen
1226 2720 1416 2757 saeculare
1446 2727 1580 2765 compo·
