1592 2808
155 187 261 218 LXII

154 264 272 300 tinent
283 275 370 300 sane
384 264 493 300 etiam
507 264 684 310 epistolae
698 265 851 302 familia-

154 321 213 344 res
228 321 309 344 cum
322 310 448 344 amicis
467 321 664 355 sermones,
686 311 850 356 quamvis

154 354 226 389 alio
240 354 348 389 modo
370 355 537 399 scriptos.
584 355 662 390 Nec
680 367 765 391 vero
786 356 850 390 du—

153 399 262 434 bitari
286 399 389 443 licet,
421 400 508 445 quin
532 400 610 451 ipse
634 405 745 444 poeta
768 401 850 435 illas

151 456 342 478 sermonum
370 444 515 479 nomine
540 445 786 490 msigniverit,
811 449 851 480 ut

151 488 224 523 iam
238 499 348 534 supra
361 489 605 532 ostendimus3
624 501 655 524 v.
668 489 782 534 Epist.
803 490 848 524 Π.

153 534 184 578 1,
209 533 286 568 250.
335 533 560 579 Quamquam
594 535 740 579 longius
766 546 847 579 pro-

152 578 307 613 cessisse
320 578 506 613 iudicandi
521 584 616 623 sunt,
633 579 662 612 si
677 579 737 624 qui
750 579 787 613 id
801 580 848 614 ab

150 622 162 656 i
191 634 231 658 so
245 622 401 657 Horatio
421 623 457 657 in
476 634 599 658 earum
619 624 778 658 editione
797 624 849 658 ita

167 672 287 702 actum
323 678 403 702 esse
445 668 731 703 iudicaverunt.1
783 669 850 703 Est

150 712 246 747 enim
269 712 393 756 potius
419 713 611 757 credibile,
642 713 846 757 Horatium,

150 768 260 803 quum
275 757 511 801 epistolarum
526 757 759 809 scriptionem
772 769 846 792 non

148 805 313 846 tempore
327 806 468 836 tantum
483 803 547 836 sed
556 806 664 836 etlam
672 803 846 838 materiae

149 850 187 882 et
197 846 336 881 formae
349 847 490 882 ratione
506 859 527 881 a
535 847 654 881 satiris
664 847 846 882 distinxis—

150 894 222 933 set,
256 891 295 925 id
324 891 443 936 ipsum
475 891 584 926 etiam
607 892 846 937 inscriptione

149 935 270 981 operis
284 936 437 971 indicari
451 936 622 972 voluisse.
664 937 845 978 Quamob-

148 992 223 1016 rem
241 991 310 1015 nec
323 982 506 1015 satirarum
529 992 661 1016 nomen
680 982 846 1026 epistolis

651 193 702 220 DE
727 193 815 220 VITA
838 194 887 221 m·
910 194 1068 222 sommus

876 267 964 312 112,
971 268 1024 303 22.
1031 280 1072 302 ne
1083 280 1158 303 mea
1169 279 1289 304 saevus
1304 270 1459 315 iurqares
1473 269 1571 315 (offi-

877 312 949 355 cia)
963 314 1009 347 ad
1021 319 1050 348 te
1069 315 1158 359 quod
1173 315 1354 359 epistola
1371 317 1470 349 nulla
1481 317 1568 350 vent-

874 363 935 391 ret.
949 378 993 383 ——
1009 378 1054 384 —
1080 358 1235 396 Quereris
1257 370 1356 404 super
1377 361 1438 393 hoc
1460 361 1571 406 etiam,

874 403 964 447 quod
985 410 1174 448 exspectata
1193 404 1250 438 tibi
1264 416 1332 438 non
1349 405 1475 438 mittam
1493 416 1568 439 cars

874 448 964 480 mina
976 449 1135 481 mendax:
1159 447 1222 482 ubi
1239 449 1369 492 procul
1383 449 1495 483 dubio
1509 459 1568 484 co·

874 491 1063 536 gitandum
1083 496 1140 526 est
1163 493 1208 527 de
1233 493 1391 538 epistola
1410 493 1570 539 poetica¹

875 536 1172 582 quandoquidem
1187 542 1422 582 opponuntur
1434 538 1566 582 episto·

873 581 930 615 lae
955 583 1122 626 carmina,
1147 581 1170 616 i.
1195 593 1225 616 e.
1248 587 1420 627 poemata
1443 583 1569 627 lyrica.

873 625 1029 660 Accedit
1041 627 1088 660 ad
1101 627 1204 670 haec,
1225 627 1324 672 quod
1343 631 1381 662 et
1392 638 1566 672 gramma-

872 670 945 712 tici,
971 671 1084 705 veluti
1109 671 1315 706 Priscianus
1345 675 1382 706 et
1412 671 1571 716 scholia-z

873 719 951 749 stae
981 716 1028 749 ad
1054 714 1128 750 Sat.
1159 715 1188 751 I.
1212 716 1243 750 1.
1273 719 1311 750 et
1332 715 1572 755 vetustissimi

873 759 1018 794 codices
1031 771 1164 795 nomen
1171 761 1388 805 epistolarum
1397 765 1571 796 constan-¹

871 809 926 838 ter
947 808 1106 839 tuentur.
1153 805 1270 846 Quam
1294 805 1571 850 inscriptionem

871 849 964 883 unde
984 850 1131 884 tandem
1151 850 1388 894 repetendam
1405 850 1570 885 censebi-

871 905 949 927 mus
983 894 1054 928 nisi
1084 895 1130 928 ab
1162 894 1289 929 ultima
1325 894 1569 941 antiquitate?

871 938 1042 984 Denique
1057 950 1143 973 vero
1159 939 1267 974 etiam
1285 939 1377 974 illud
1394 945 1567 984 reputan-

872 983 957 1017 dum
971 987 1037 1027 est,
1063 984 1108 1018 de
1128 995 1200 1028 quo
1220 984 1291 1018 iam
1310 984 1514 1019 monuimus
1531 984 1568 1018 in

147 1025 318 1060 tribuisse
349 1025 508 1070 videtur,
546 1026 777 1071 quantumvis
802 1037 845 1061 eo
872 1028 1138 1072 superioribus,
1169 1029 1326 1073 probato
1351 1031 1569 1074 eptetolarum

148 1074 293 1105 constet
314 1075 463 1115 postera
492 1075 613 1106 aetate
639 1071 747 1106 etiam
771 1071 845 1123 epi—
871 1072 976 1106 titulo
992 1073 1180 1107 commode
1194 1074 1289 1108 inter
1307 1085 1345 1109 se
1365 1074 1501 1119 opponi
1514 1086 1569 1108 sa-

148 1115 262 1149 stolas
275 1115 396 1149 notari
411 1116 657 1150 consuevisse.
681 1116 739 1150 Ita
752 1127 846 1151 enlm
871 1118 954 1151 tiras
966 1122 1075 1162 atque
1088 1119 1257 1162 epistolas,
1277 1119 1362 1153 dum
1379 1130 1571 1153 sermonum

148 1158 299 1194 Sueton.
324 1160 398 1195 Vit.
416 1160 545 1195 Horat.
573 1165 660 1195 extr.
697 1162 846 1203 „Habitu
870 1173 1003 1196 nomen
1018 1163 1064 1197 ab
1079 1162 1160 1214 ipso
1174 1168 1286 1207 poeta
1304 1163 1493 1208 utriusque
1507 1175 1569 1208 ge·

147 1205 300 1249 corporis
314 1205 421 1238 brevis
433 1206 496 1249 fuit
511 1211 609 1250 alque
623 1206 748 1244 obesus,
764 1218 845 1250 qua·
871 1206 968 1242 neris
989 1207 1209 1241 carminibus
1229 1208 1276 1242 ob
1297 1207 1568 1243 similitudinem

148 1251 323 1284 lisasemet
334 1250 407 1294 ipso
421 1251 456 1283 in
468 1251 615 1283 satiris
626 1251 845 1283 describam-‘⁴
872 1263 951 1285 cum
965 1251 1060 1286 vitae
1100 1251 1287 1286 uotidinae
1302 1252 1570 1287 confabulatio-

146 1294 210 1328 ubi
223 1293 419 1329 manifesto
434 1294 627 1338 respicitur
646 1296 749 1329 locus
762 1295 846 1339 Epi·
871 1296 979 1330 nibus
1004 1297 1078 1330 hau
1128 1307 1214 1332 sane
1232 1297 1356 1341 inepte
1375 1297 1485 1332 tribui
1503 1309 1567 1342 po-

149 1339 231 1373 stol.
262 1339 290 1373 1.
319 1338 363 1372 20
405 1338 459 1372 24.
493 1339 616 1372 Sidon.
641 1338 844 1383 Apollinar.
870 1341 950 1375 tuit.
997 1341 1099 1382 Quae
1125 1353 1234 1386 quum
1259 1342 1311 1375 ita
1335 1341 1423 1386 sint,
1448 1352 1568 1387 neque

148 1382 264 1418 Carm.
278 1383 345 1418 IX.
358 1364 436 1417 {23
473 1384 557 1417 Non
570 1385 659 1428 quod
666 1395 731 1429 per
743 1386 844 1418 sati·
870 1398 1059 1419 sermonum
1083 1396 1217 1420 nomen
1250 1387 1494 1430 spernendum
1519 1387 1568 1420 vi—

147 1440 232 1468 ras,
246 1430 518 1473 epistolarum
537 1440 846 1474 sermonumque
871 1431 988 1473 detur,
1008 1441 1127 1475 neque
1141 1432 1359 1475 epistolarum
1378 1431 1567 1475 inscriptio

145 1475 273 1515 sales,
297 1484 485 1518 novumque
497 1474 636 1517 epodon,
656 1474 758 1507 libros
771 1485 845 1507 car·
870 1475 1086 1518 reiicienda,
1120 1475 1255 1526 quippe
1280 1486 1374 1520 quae
1400 1475 1456 1509 his
1479 1487 1566 1520 poe-

146 1519 243 1552 minis
255 1530 297 1552 ac
310 1519 477 1563 poeticam
496 1519 773 1552 artem—voluit
792 1530 844 1551 so—
869 1519 975 1554 matis
999 1530 1042 1554 eo
1069 1520 1222 1554 consiho
1241 1520 1411 1564 imposita
1436 1525 1503 1564 est,
1529 1524 1568 1554 ut

146 1575 231 1597 nare
246 1563 399 1597 Flaccus.
450 1562 665 1603 Quintilian.
678 1562 725 1596 X.
745 1563 776 1606 1,
792 1563 845 1597 94.
870 1564 1015 1598 facilius
1029 1575 1050 1598 a
1062 1565 1174 1598 satiris
1188 1564 1506 1609 distinguerentur.

147 1607 322 1643 Nimirum
342 1618 414 1652 quo
434 1606 510 1641 iure
532 1607 640 1641 etiam
665 1607 844 1651 epistolae
904 1608 976 1643 Sed
991 1608 1079 1642 satis
1098 1608 1190 1643 haec
1205 1609 1248 1643 de
1268 1610 1504 1660 epistolarum
1516 1609 1568 1644 in-

146 1651 334 1697 potuerint
358 1651 550 1686 satirarum
579 1651 746 1696 insigniri
780 1663 843 1686 no-
871 1653 1078 1697 scriptione.
1125 1654 1387 1698 progredimur
1411 1655 1458 1688 ad
1484 1665 1566 1688 con-

147 1697 254 1741 mine,
269 1707 311 1731 ex
325 1696 381 1740 iis,
402 1707 496 1741 quae
511 1707 621 1740 supra
635 1697 679 1731 de
698 1697 844 1731 urbani·
870 1698 1066 1732 sideranda
1086 1709 1209 1732 earum
1227 1698 1426 1742 primordia
1445 1702 1482 1733 et
1494 1699 1567 1734 edi-

145 1746 222 1776 tate
236 1746 273 1776 et
286 1741 470 1775 hilaritate
484 1751 549 1785 per
563 1752 625 1775 eas
634 1740 766 1775 diffusa
774 1742 844 1775 dis·
869 1743 979 1777 tionis
993 1747 1168 1787 tempora.
1193 1742 1242 1776 Et
1254 1743 1299 1777 de
1313 1747 1477 1787 tempore
1492 1744 1567 1788 qui-

145 1790 275 1831 putata
301 1789 400 1830 sunt,
440 1789 569 1830 sponte
595 1786 845 1830 appariturum
871 1788 968 1830 dem,
1006 1798 1078 1839 quo
1104 1787 1197 1822 liber
1221 1787 1358 1832 primus
1383 1788 1419 1822 in
1449 1788 1566 1823 lucem

147 1842 227 1866 esse
253 1841 452 1876 speramus.
498 1831 629 1865 Restat
652 1831 764 1876 igitur
783 1832 844 1866 ad·
869 1832 1056 1877 prodient,
1076 1836 1203 1867 nostro
1225 1837 1323 1867 certe
1343 1831 1479 1867 iudicio
1493 1844 1566 1868 non

146 1876 278 1920 huc,ut
292 1876 337 1910 de
350 1875 495 1909 nomine
509 1877 844 1928 epz'stolarumquae-
869 1877 1021 1910 multum
1045 1876 1181 1922 ambigi
1205 1881 1346 1921 potest,
1382 1877 1469 1911 licet
1497 1878 1568 1912 hac

145 1921 299 1956 rendum
325 1920 379 1954 sit.
426 1920 470 1953 Id
495 1931 580 1954 vero
605 1931 674 1954 nos
724 1921 845 1955 uldem
871 1932 1017 1966 quoque
1035 1921 1072 1955 in
1091 1933 1224 1956 caussa
1242 1921 1308 1955 viri
1327 1922 1426 1956 docti
1440 1922 1567 1956 nonni-

145 1976 220 2000 non
235 1965 441 2000 dubitamus
456 1965 544 2010 quin
558 1965 604 1999 ab
619 1965 699 2009 ipso
724 1966 843 2000 *lacco
870 1967 921 2000 hil
934 1967 1029 2000 inter
1043 1977 1081 2000 se
1096 1965 1326 2001 dissentiant.
1351 1966 1444 2001 Nam
1456 1966 1566 2001 Bent-

145 2010 353 2056 profectum
378 2009 434 2044 sit.
482 2009 575 2044 Nam
593 2010 747 2053 primum
767 2010 843 2056 qui·
869 2011 962 2046 leius
987 2011 1134 2056 quidem
1157 2010 1311 2062 primum
1337 2011 1468 2045 librum
1493 2011 1566 2046 edi-

147 2056 228 2090 dem
242 2065 419 2100 perquam
439 2058 496 2089 est
515 2055 702 2098 credibile,
728 2055 844 2099 ipsum
869 2060 943 2090 tum
957 2067 1038 2090 esse
1053 2059 1182 2090 statult
1195 2067 1225 2090 a.
1240 2056 1327 2099 736„
1339 2055 1566 2091 Kirchnerus

145 2104 294 2145 poetam
308 2099 546 2143 epistolarum
567 2099 777 2134 collectioni
791 2106 843 2133 ut·
870 2104 990 2135 autem
1021 2103 1132 2145 atque
1158 2101 1461 2135 Walckenaerius
1486 2111 1566 2135 eum

145 2149 232 2189 pote
251 2155 273 2178 a
298 2143 428 2178 ceteris
449 2143 669 2178 carminibus
694 2145 845 2178 multum
870 2156 965 2180 anno
986 2145 1129 2179 demum
1147 2145 1222 2179 739.
1242 2145 1279 2179 in
1298 2144 1484 2190 publicum
1509 2156 1565 2179 ex-

147 2189 314 2223 diversae
339 2188 567 2239 peculiarem
597 2189 730 2223 fecisse
761 2189 843 2222 titu-
869 2190 954 2224 iisse
992 2194 1223 2224 censuerunt.
1274 2188 1326 2224 At
1355 2190 1449 2224 enim
1479 2200 1565 2224 vero

146 2234 230 2268 lum.
276 2233 421 2267 Deinde
447 2237 596 2268 externa
619 2233 748 2267 horum
770 2245 842 2267 car·
869 2245 974 2269 nemo
988 2234 1109 2278 facile,
1125 2235 1266 2278 opinor,
1276 2234 1470 2278 dubitabit,
1481 2234 1566 2279 quin

145 2278 281 2313 minum
306 2277 424 2312 forma
443 2289 487 2312 ac
507 2278 647 2322 species
673 2278 843 2323 epistola·
870 2291 888 2314 e
918 2279 1028 2313 istola
1042 2279 1210 2312 vicesima
1225 2278 1299 2313 sive
1314 2279 1440 2313 ultima
1453 2279 1565 2313 totius

146 2335 225 2358 rum
238 2333 372 2357 nomen
394 2322 463 2356 sibi
481 2333 598 2367 paene
612 2322 699 2357 effla
729 2323 842 2366 stavit,
869 2291 952 2358 libri
979 2323 1117 2368 epilogi
1147 2324 1260 2357 instar
1289 2323 1346 2357 sit.
1397 2324 1454 2358 Ibi
1479 2334 1564 2357 vero

147 2379 241 2414 quae
261 2378 370 2412 quum
391 2367 544 2411 singulis
564 2367 700 2401 homini
730 2379 772 2401 us
791 2367 843 2401 in·
868 2372 980 2413 poeta
994 2379 1074 2402 sese
1087 2368 1234 2410 fatetur,
1249 2379 1320 2413 quo
1334 2371 1498 2412 tempore
1511 2372 1563 2401 to-

147 2413 306 2457 scriptae
332 2411 421 2455 sint,
447 2411 574 2457 ecquis
599 2416 656 2446 est
687 2412 747 2457 qui
774 2412 843 2446 sibi
870 2418 927 2446 tus
952 2413 1045 2446 liber
1074 2413 1111 2446 in
1140 2413 1328 2456 publicum
1353 2412 1564 2457 proditurus

146 2457 371 2502 persuadeat
388 2456 505 2501 ipsum
525 2461 672 2500 poetam
691 2467 735 2491 ea
749 2467 842 2490 com-
868 2457 988 2497 fuerit,
1004 2463 1122 2502 quater
1134 2458 1282 2490 undenos
1298 2457 1484 2502 implevisse
1495 2457 1564 2490 De·

146 2502 244 2536 muni
262 2513 451 2535 sermonum
469 2501 615 2536 nomine
641 2502 843 2546 appellatu-
869 2503 1023 2540 cembres.
1036 2501 1158 2535 Lollio
1173 2501 1358 2546 etLepido
1374 2512 1476 2544 coss.‚
1491 2501 1563 2535 h.e.

146 2558 223 2582 rum
253 2545 392 2580 fuisse?
426 2546 542 2580 Porro
572 2546 730 2581 Flaccus
766 2547 843 2590 ipse
869 2557 964 2580 anno
978 2557 1012 2580 u.
1027 2547 1101 2580 733.
1126 2546 1274 2590 Agebat
1291 2546 1402 2590 igitur
1413 2549 1488 2579 tum
1502 2557 1562 2579 an·

145 2593 363 2637 epistolarum
383 2590 529 2625 nomine
548 2602 636 2625 usus
655 2595 712 2626 est
727 2591 842 2636 Epist.
867 2603 952 2625 num
972 2591 1104 2625 aetatis
1124 2590 1441 2636 quadragesimum
1462 2589 1562 2634 quin-

867 2641 954 2679 tum,
979 2640 1020 2669 ut
1039 2635 1176 2680 liquido
1197 2638 1374 2679 appareat
1391 2635 1562 2678 scriptam

179 2662 193 2686 1
207 2659 558 2691 utneinriehfflxpianatt.
567 2659 841 2691 norman-prooem.
986 2680 993 2687 .
1167 2679 1174 2686 .

868 2691 948 2716 csse
984 2680 1083 2714 1llam
1118 2680 1311 2724 epistolam
1341 2690 1373 2714 a.
1403 2689 1438 2713 u.
1474 2678 1560 2722 734„

146 2694 240 2720 Knon.
256 2694 331 2719 1808.
