1592 2808
538 180 575 215 Q.
599 172 760 205 nomm
781 167 922 199 FLAGGI
1316 149 1452 182 XXIII

241 259 500 344 efflicuerunt
526 253 715 290 Gramma·
740 226 1457 292 deploratinfelicitatem,ubiseseMae-

245 320 265 346 e
292 319 334 344 es
364 304 463 342 enim
524 327 532 335 .
549 297 628 333 4282.
658 294 716 331 ed.
741 290 885 328 cenatis
905 285 961 322 sui
981 282 1161 319 societate
1181 277 1353 314 orbatum
1377 283 1458 308 sen·

10 355 308 404 Putschlefflodt}
326 349 460 398 inquit,
478 346 559 383 dacii
576 355 598 379 α
603 341 717 389 parti·
743 348 850 374 surus
865 334 931 378 sit,
954 328 1118 377 pertinet
1134 326 1223 360 item
1242 330 1391 358 carmen
1405 328 1460 352 se-

11 411 72 446 buc
83 414 249 446 verutum,
267 410 355 447 quae
368 394 524 443 leqitimss
535 396 566 426 et
578 386 719 433 inteyris
743 382 906 420 cundum
915 406 924 424 ,
944 376 1009 412 ubi
1022 377 1136 421 poeta
1150 366 1348 413 descriptis
1362 365 1461 399 vitae

11 453 160 492 wazu:
168 443 421 493 ὁτᾴδονταιμῖἰ
432 446 490 484 est,
504 436 718 474 accinuntur.
742 427 906 464 rusticae
925 417 1220 458 iucunditatibus
1235 412 1396 457 denique
1409 409 1463 444 in-

120 504 123 505 ’
168 493 265 531 stion
287 490 348 526 De
371 485 498 524 metris
522 495 558 530 p.
583 479 639 516 22.
665 477 720 512 70.
746 469 1043 519 exsuperabilem
1055 464 1335 500 foeneratorum
1349 454 1465 492 avari-

746 522 835 556 tiam
844 519 1022 564 quattuor
1029 514 1174 547 tantum
1180 502 1379 554 postremis
1387 512 1467 536 ver-

749 567 852 602 sibus
865 563 963 598 ridet
975 570 1020 595 ac
1032 555 1252 593 subsannat.
1287 547 1469 585 Nimirum

749 611 879 648 talium
905 604 1018 643 animi
1040 611 1236 644 sensuum,
1274 594 1406 642 quales
1430 592 1470 626 in

750 655 894 704 Epodis
909 652 1167 692 declarantur,
1188 647 1322 690 sponte
1335 637 1471 675 intelli-

14 537 328 587 MuimVictorin.
335 535 384 571 H.
392 530 529 580 p.2552.
538 525 722 607 Porghyr.

17 588 138 631 m
153 585 202 622 ad
218 582 340 630 Epod.
358 581 391 615 1.
404 579 453 614 in.
466 573 591 613 Schol.
642 579 723 622 ruq.

17 635 27 646 ‘
122 631 255 678 Itaque
267 626 465 663 iambicam
476 622 587 657 istam
594 615 724 652 Archi-

101 676 112 688 ‘
123 675 256 725 poesin
263 664 638 712 HoratiusinEpodis
650 660 725 697 suis

21 767 35 771 ⁴⁷
67 766 70 771 .
114 725 258 766 tusest,
271 722 314 755 ut
325 717 412 753 inde
421 710 727 757 sibisingularem
752 705 852 751 gitur
877 699 1017 747 gradus
1037 703 1120 730 esse
1138 700 1250 738 posse
1272 685 1473 723 admodum

16 767 176 819 ἔξω
206 765 401 814 quaereret
430 758 580 796 laudem
610 752 728 801 poeti·
753 748 878 785 varios
892 749 930 781 et
940 739 1180 787 multiplices,
1199 739 1243 770 ut
1253 731 1475 777 neutiquam

17 826 108 860 enm.
126 814 172 851 Id
204 810 369 856 uodipse
378 798 729 860 significatEpist.l.
754 796 885 831 mirum
899 789 1060 832 accidat,
1082 783 1185 838 quod
1199 780 1344 827 aliquot
1362 773 1476 822 epodi

17 859 72 909 19,
90 860 146 897 23.
170 870 196 894 u
223 858 237 892 i
261 865 344 892 sese
367 862 524 900 primum
548 846 731 894 gloriatur
755 839 910 888 propius
931 835 979 872 ad
997 843 1132 880 poesm
1151 826 1358 873 elegiacam
1372 830 1476 857 acce-

17 906 128 944 Latio
157 903 290 941 Parios
324 899 470 936 iambos
507 891 731 930 ostendisse.
758 889 861 923 dunt.
888 880 1047 919 Omnino
1062 876 1160 913 enim
1173 870 1373 908 Horatium
1385 865 1478 902 veri-

18 953 104 990 Hoc
122 954 246 987 autem
264 957 338 994 qua
354 944 500 980 ratione
517 935 732 988 perfecerit,
759 931 878 968 simile
905 931 963 964 est
986 924 1195 961 iamborum
1218 912 1479 952 Archilochio-

18 998 112 1035 licet
138 994 251 1032 hodie
282 989 485 1038 deperditis
515 980 735 1036 Archilochi
758 990 839 1032 rum
851 973 1018 1028 indolem
1036 970 1090 1005 ita
1103 963 1350 1016 expressisse,
1375 962 1419 994 ut
1436 968 1482 992 ea

23 1091 148 1138 queat,
160 1089 286 1139 tamen
297 1078 569 1129 ipseHoratius
582 1086 659 1110 non
672 1072 736 1108 ob·
761 1081 842 1106 rum
867 1066 1030 1108 animos,
1064 1070 1159 1107 quos
1183 1058 1314 1098 vocat,
1340 1051 1483 1097 ubique

24 1144 131 1172 neure
165 1127 402 1178 mgmfieavit.
447 1126 605 1161 Fatetur
641 1118 739 1155 enim
764 1111 969 1151 servaverit
981 1120 1027 1145 ac
1044 1102 1249 1142 retinuerit.
1282 1098 1358 1135 Sed
1376 1105 1487 1142 prae-

23 1182 137 1229 posta
160 1176 278 1224 Epist.
297 1174 328 1210 I.
346 1173 403 1219 19,
421 1171 477 1207 23.
509 1180 549 1205 se
579 1175 740 1202 numeros
763 1166 821 1197 ter
830 1143 1393 1196 animosArchilochiHoratius
1402 1150 1486 1177 sese

24 1226 220 1271 am'mosque
243 1226 421 1267 sequutum
442 1228 513 1252 esse
529 1210 725 1249 Archilochi
729 1222 742 1251 ;
766 1207 819 1243 ait
838 1205 948 1241 etiam
966 1209 1142 1236 numeros
1155 1193 1258 1231 Parii
1274 1194 1412 1237 poetae
1433 1197 1487 1221 se-

24 1283 95 1309 non
116 1281 172 1306 res
194 1273 225 1304 et
249 1266 386 1312 aqentia
409 1263 512 1298 verba
535 1256 741 1305 Lycamben.
768 1255 923 1300 quutum
948 1256 1042 1283 esse.
1090 1242 1291 1278 Enimvero
1318 1231 1490 1271 adhibuit

25 1316 160 1368 Itaque
172 1313 330 1360 primum
343 1308 494 1357 quidem
507 1316 589 1342 sese
604 1304 656 1339 ait
667 1312 744 1337 non
767 1299 807 1334 in
825 1297 883 1332 his
902 1290 1087 1341 poematis
1106 1286 1251 1324 iambos
1277 1281 1490 1321 cffminosos,

26 1365 220 1415 materiam
233 1361 320 1394 etar
412 1358 499 1390 enta
509 1358 745 1387 suorumoar-
771 1355 865 1392 quos
889 1342 971 1387 ipse
996 1338 1110 1372 vocat
1127 1333 1197 1370 Od.
1210 1330 1241 1366 Ι.
1254 1329 1310 1374 16,
1324 1328 1357 1361 2.
1394 1325 1491 1367 Qua-

15 1417 167 1461 -xnmum
184 1404 233 1441 ab
252 1402 328 1438 Arc
357 1400 481 1436 ‘locho
499 1399 630 1433 mutua
651 1405 746 1429 sum-
770 1392 924 1437 propter
956 1383 1068 1420 etiam
1096 1380 1179 1426 ipse
1207 1377 1303 1411 haec
1330 1370 1495 1408 carmina

31 1463 143 1498 sisse,
168 1450 279 1499 quale
293 1448 342 1483 sit
358 1447 450 1491 hoc,
476 1442 578 1490 quod
596 1441 660 1475 ille
672 1439 747 1484 Ly·
771 1435 963 1471 iamborum
986 1427 1136 1464 nomine
1161 1435 1184 1459 a
1211 1421 1346 1468 pellat,
1374 1414 1495 1451 sicubi

34 1498 191 1550 camben
222 1494 376 1547 eiusque
407 1490 524 1527 filiam
547 1485 749 1524 Neobulen
774 1493 819 1518 ea
831 1479 1023 1521 memorat,
1037 1477 1079 1508 ut
1093 1471 1162 1507 Od.
1219 1466 1316 1512 16‚3.
1330 1464 1360 1498 I.
1374 1463 1430 1508 16,
1439 1460 1495 1496 24.

33 1542 256 1598 carmmlbus
271 1550 347 1593 suls
366 1536 544 1574 acerrime
564 1531 749 1576 corripue-
773 1526 895 1574 Epod.
908 1523 964 1568 14,
978 1522 1010 1557 6.
1028 1518 1148 1564 Epist.
1162 1515 1193 1550 Ι.
1206 1514 1262 1557 19,
1275 1511 1331 1546 20.
1370 1508 1495 1553 Atque

33 1592 116 1636 nt,1
151 1587 219 1624 sed
246 1595 390 1622 ammos
417 1583 458 1618 in
481 1581 526 1617 iis
553 1579 750 1625 spirantes,
775 1583 866 1608 usus
880 1573 938 1606 est
951 1568 1063 1605 etiam
1083 1559 1307 1599 creberrime
1325 1553 1497 1591 versibus

35 1635 110 1671 hoe
128 1637 187 1670 est
203 1631 317 1668 animi
335 1628 581 1666 acerbitatem
600 1627 638 1660 et
659 1622 753 1657 iram
778 1617 928 1665 epodis,
953 1615 1028 1649 hoc
1047 1614 1121 1654 est,
1148 1603 1303 1643 alternis
1329 1599 1500 1637 versibus

335 1676 343 1684 ”
374 1675 382 1683 ’
440 1674 447 1681 “
639 1669 647 1675 ”
741 1686 753 1691 —
777 1661 1014 1700 brevioribus
1041 1667 1086 1692 ac
1106 1650 1361 1698 longioribus,
1387 1644 1499 1680 modo

874 1707 1026 1758 'oribus‘
1035 1705 1122 1738 ante
1142 1697 1336 1735 breviores
1354 1689 1500 1746 positis,

47 1949 512 1989 vehementiusinsectatur
519 1944 688 1980 homines
700 1951 762 1976 ne·
788 1939 843 1973 dit
855 1937 1052 1971 dimetrum
1063 1927 1264 1966 iambicum
1305 1922 1392 1969 pod.
1401 1918 1507 1955 XIV.

52 2008 182 2044 quam3
203 1995 314 2048 modo
336 1995 381 2029 de
399 1997 607 2038 temporum
631 1986 764 2033 iniqui·
790 1987 828 2020 et
840 1981 943 2026 XV„
965 1977 1030 2026 qui
1042 1979 1101 2012 est
1111 1983 1242 2010 versus
1254 1968 1426 2016 pythius,
1448 1964 1510 2000 vel

51 2046 130 2079 tate
148 2053 194 2078 ac
209 2040 361 2076 matitia
378 2037 550 2074 acerbius
572 2031 766 2086 conqueri-
792 2028 903 2064 etiam
910 2010 1510 2061 trimetrumiambicum,utEpod.

52 2093 130 2141 tqt3
164 2086 275 2123 modo
295 2084 431 2122 evomit
447 2094 547 2118 virus
566 2090 690 2128 gravis
714 2089 767 2111 m·
792 2074 866 2110 XV
867 2073 909 2118 I.,
933 2069 1034 2118 quod
1047 2070 1105 2103 est
1116 2068 1274 2117 metrum
1286 2055 1511 2110 pythiambi·

63 2498 294 2546 Quamquam
336 2498 421 2531 sunt
461 2492 572 2530 etiam
613 2489 777 2526 carmina
801 2490 862 2521 tur
879 2483 1087 2519 lamborum
1105 2486 1243 2512 nomen
1266 2471 1325 2507 his
1352 2466 1520 2505 carmini-

49 2545 247 2593 *quaedam
261 2541 432 2589 epodica,
442 2534 776 2586 quaetranquillio-
801 2532 872 2567 bus
887 2541 909 2565 a
921 2527 1061 2563 maiore
1069 2533 1241 2560 versuum
1276 2521 1356 2553 arte
1364 2514 1522 2550 inditum

63 2601 141 2628 rem
158 2590 325 2637 produnt
343 2585 455 2622 animi
475 2594 642 2627 sensum3
656 2591 777 2634 ‘quor-
804 2587 906 2621 esse,
929 2568 1234 2650 quandoquidem
1281 2563 1397 2599 abent
1410 2559 1523 2596 etiam

68 2635 322 2682 sumpertinet
338 2642 487 2668 carmen
503 2629 591 2665 libri
609 2637 778 2674 primum,
803 2630 978 2658 numeros
987 2618 1099 2662 dacty
1117 2615 1207 2650 icos.
1231 2609 1450 2656 Epodorum
1460 2615 1523 2640 au-

804 2673 881 2704 tem
904 2674 1041 2701 nomen
1066 2663 1166 2697 certe
1190 2668 1268 2693 non
1291 2654 1332 2690 in
1354 2652 1524 2688 ultimum

42 2699 48 2709 ²
66 2680 107 2719 ίιι
118 2693 192 2730 quo
209 2683 324 2728 poeta
341 2678 433 2714 nihil
451 2675 523 2712 nisi
542 2685 646 2710 suam
662 2671 780 2718 ipsius

806 2712 893 2749 libri
907 2721 1055 2747 carmen
1074 2702 1268 2748 convenit,
1294 2699 1396 2747 quod
1413 2695 1524 2733 meris

19 2728 307 2808 QW’
319 2738 363 2765 18.
