1592 2808
151 209 312 242 LXVIII

150 287 252 323 velut
271 286 345 323 Sat.
359 287 387 322 I.
401 287 433 333 1,
448 287 490 323 61

150 333 205 367 12.
224 333 273 366 Π.
287 332 319 375 3,
334 333 397 367 111
413 345 429 367 s
485 360 493 368 .
622 334 650 367 I.
665 333 718 377 15,
738 335 756 368 1
772 346 814 380 sq
844 362 850 369 .

149 377 198 411 II.
213 377 266 422 18,
280 377 325 412 24
338 390 353 411 s
383 344 467 423 (1.111
489 405 497 412 .
511 378 564 412 21.
579 382 616 413 et
627 379 679 413 36.
693 379 810 424 Epist.
843 406 851 414 .

150 422 182 466 1,
196 421 240 456 53
253 433 334 468 sqq.
347 423 368 457 8
394 449 402 457 .
415 422 443 456 Ι.
457 423 489 466 2,
503 422 547 456 44
561 435 640 469 sqq.
654 424 732 458 Art.
746 424 851 459 Poet.

147 477 182 501 v.
204 466 271 501 325
289 478 388 513 sqq.,
414 467 495 502 aliis
521 468 611 502 locis
635 468 851 513 innumeris;

148 511 300 546 virtutes
315 515 437 546 autem
449 512 522 546 illis
537 513 752 557 contrarias,
767 524 851 548 con-

148 555 337 601 tinentiae,
359 557 636 601 temperantiae,
661 558 850 603 frugalita-

146 600 196 635 tis
210 605 319 646 atque
333 601 451 636 avitae
466 601 704 644 fortitudinis,
714 603 850 654 gravis-

147 645 246 680 simis
259 647 336 680 fere
350 646 471 680 verbis
486 648 762 691 commendavlt,
785 648 850 682 sic—

146 690 202 724 uti
223 690 387 735 inprimis
412 691 502 726 fecit
521 691 588 726 Od.
606 692 654 726 II.
673 692 704 726 2.
728 692 776 728 ΙΙ.
796 693 848 726 11.

146 734 215 769 ΠΙ.
235 736 273 780 1,
293 735 347 769 25.
371 735 438 769 ΙΠ.
457 736 488 770 2.
512 736 579 770 ΙΠ.
598 737 652 771 24.
679 736 753 771 Sat.
774 737 802 771 I.
816 738 848 782 1,

648 216 698 242 DE
725 216 812 243 VITA
834 217 882 243 ΕΤ
906 216 1066 243 SCRIPTIS

505 299 584 368 833.
602 288 650 367 {L
664 289 695 323 2.
714 289 762 324 Π.
774 287 806 324 5.
819 289 852 325 8.
877 300 920 326 ex
932 289 1139 335 proverbiis
1153 289 1360 327 Salomonis
1373 293 1575 332 mutuatum

876 346 969 379 esse,
985 339 1049 371 aut
1061 347 1142 370 cum
1154 335 1216 381 pio
1223 339 1328 382 patre
1335 336 1540 391 Harduinoy
1555 339 1573 374 1

876 381 1081 424 portentosi
1094 391 1182 415 sane
1200 380 1338 427 ingenii
1350 382 1509 427 homine,
1521 384 1574 418 mk

876 424 997 459 didem
1017 425 1116 460 effici
1130 436 1243 477 posse
1260 426 1515 471 existimemus,
1533 427 1574 471 ut

875 469 1065 504 Horatium
1072 469 1262 516 religionis
1269 469 1496 506 Christianae
1502 471 1573 517 pri-

875 514 988 549 maria
1007 515 1129 559 capita
1142 518 1179 550 et
1196 515 1425 551 sanctissima
1441 519 1574 562 mystes

875 558 929 593 ria
935 560 1148 603 pernovisse
1157 560 1377 595 credendum
1386 560 1444 604 sit,
1451 564 1572 597 tamen

877 603 1076 639 certissime
1100 604 1186 639 inde
1211 605 1464 651 cognoscitur,
1487 616 1574 650 poe-

874 652 948 682 tam
962 659 1005 683 eo
1014 649 1091 684 fere
1104 649 1253 693 pietatis
1267 660 1376 684 sensu
1384 649 1498 684 fuisse
1511 650 1573 686 im'·

874 693 1012 738 butum,
1027 694 1090 739 qui
1104 694 1162 728 vel
1171 693 1417 729 Christianum
1430 694 1574 739 sapien-

873 741 945 771 tem
967 749 1042 772 non
1067 739 1256 774 dedeceat.
1302 738 1376 774 Sed
1403 740 1574 775 nolumus

145 779 190 814 36
210 791 289 826 sqq.
314 780 362 814 II.
381 780 403 814 3
438 781 481 815 82
501 793 579 827 sqq.
605 781 720 825 Epist.
745 782 793 816 H.
818 783 848 824 1,
873 782 1001 817 harum
1018 794 1138 818 rerum
1157 783 1442 828 disputationem
1465 784 1574 821 etiam

147 825 213 859 188
228 836 307 870 sqq.
321 825 367 859 al.
422 826 467 859 ed
480 830 627 870 praeter
639 827 789 860 istorum
799 826 847 860 vi·
873 827 1025 862 ulterius
1055 830 1239 873 persequi,
1277 829 1575 874 quandoquidem

145 868 274 904 tiorum
281 869 541 914 turpitudinem
549 875 658 914 poeta
665 871 771 906 etiam
780 872 849 906 alia
872 872 931 906 vel
944 883 986 906 ex
999 872 1055 916 iis,
1070 884 1163 918 quae
1177 873 1422 918 exposuimus,
1437 873 1575 908 clarum

145 914 247 957 vitia,
294 915 402 949 uibus
420 919 523 949 aetas
542 916 740 960 laboraret,
759 921 847 951 tam·
873 917 1156 962 acperspicuum
1164 917 1243 953 fore
1254 917 1575 964 eonfidimus,quid

146 970 284 1004 quamu
304 970 388 994 cera
397 961 577 1006 quaedam
584 961 784 1005 exagitavit
791 962 847 995 vix
899 965 983 996 oeta
996 963 1041 997 de
1054 961 1129 996 vita
1141 962 1301 997 humana
1315 962 1465 1009 eiusque
1478 963 1572 999 bene

147 1003 339 1048 sanabilia,
350 1015 522 1050 quorsum
536 1009 620 1040 ante
635 1006 755 1040 omnia
767 1017 849 1051 per·
871 973 1054 1051 {eamque
1063 1007 1254 1058 degendae
1267 1008 1409 1042 ratione
1418 1007 1574 1042 senserit

143 1049 264 1084 tinent
275 1054 448 1094 proterva
459 1049 701 1094 impudicitia,
726 1051 847 1085 mollis
873 1055 909 1085 et
921 1051 1147 1086 iudicavemt.
1182 1052 1373 1097 Pergimus
1393 1052 1442 1087 ad
1455 1051 1573 1087 consi-

144 1093 272 1128 lubido
287 1098 323 1128 et
336 1094 452 1138 turpis
462 1095 640 1128 castitatis
649 1095 846 1140 neglectio,
873 1096 1056 1130 derandos
1069 1096 1184 1141 ipsius
1197 1108 1328 1132 mores.

145 1137 214 1218 gdt.
227 1138 298 1217 11112.
311 1140 400 1218 636ss
416 1150 495 1184 sqq.
508 1139 624 1183 Epist.
638 1140 783 1184 1.2‚55s
813 1152 847 1192 q.
904 1141 951 1174 Et
968 1141 1060 1175 illud
1079 1141 1224 1186 quidem
1248 1152 1354 1176 nemo
1380 1140 1573 1187 quisquam

173 1195 220 1218 a.
257 1211 263 1217 .
381 1196 395 1217 s

143 1228 207 1272 tio,
229 1210 365 1263 Sat.’11.
380 1195 516 1273 233166„
536 1229 674 1263 invidia
688 1234 724 1264 et
736 1230 845 1264 male·
870 1230 1015 1264 iudiciis
1038 1230 1111 1264 illis
1137 1230 1223 1274 suis,
1251 1242 1345 1276 quae
1371 1231 1416 1265 de
1435 1231 1574 1275 optima

143 1274 318 1316 volentia,
339 1273 455 1318 Epist.
475 1273 503 1307 I.
522 1273 554 1317 2,
573 1273 639 1316 58,
660 1275 721 1319 qui
742 1276 845 1309 locus
870 1274 1016 1309 vivendi
1040 1275 1182 1310 ratione
1199 1275 1375 1320 prodidit,
1404 1275 1513 1310 etiam
1531 1286 1571 1311 re

142 1323 351 1363 postremus
365 1318 448 1352 inde
463 1329 484 1352 a
497 1329 589 1361 vers.
603 1318 656 1353 41.
666 1330 784 1365 usque
798 1320 845 1354 ad
871 1323 907 1354 et
919 1320 1071 1354 veritate
1098 1321 1226 1355 sedulo
1247 1320 1572 1365 obtemperavisse.

142 1363 356 1398 v.71.etiam
369 1363 530 1397 remedia
542 1363 687 1398 illorum
702 1365 843 1408 suadet,
870 1364 1014 1409 Quippe
1033 1375 1107 1398 non
1119 1364 1216 1410 fugit
1232 1365 1378 1411 quidem
1389 1365 1452 1400 ille
1471 1364 1573 1400 volu-

143 1411 254 1453 atque
262 1408 371 1452 patrii
384 1408 494 1442 moris
508 1408 651 1442 nefaria
658 1409 843 1454 neglectio
869 1413 1001 1453 ptates,
1012 1410 1076 1444 sed
1084 1420 1152 1444 nec
1165 1409 1271 1444 unice
1285 1409 1455 1454 expetiit,
1468 1408 1573 1444 nihili

144 1457 182 1487 et
199 1453 410 1487 contemtio.
447 1452 618 1497 Inprimis
631 1464 718 1487 vero
732 1458 844 1498 poeta
869 1454 958 1488 fecit
969 1465 1079 1499 porro
1089 1458 1275 1489 externum
1287 1455 1385 1489 vitae
1400 1454 1571 1499 splendo-

143 1497 400 1532 etiamtristem
413 1497 843 1542 religionumsuperstiti-
868 1509 954 1542 rem,
968 1499 1181 1543 potentiam,
1201 1499 1368 1544 gloriam,
1388 1510 1489 1544 opes,
1511 1510 1573 1533 cu-

143 1553 262 1587 onem,
273 1553 366 1587 quae
380 1546 521 1576 mentes
531 1553 730 1577 occoecare
745 1543 842 1578 ince—
867 1543 1084 1587 piditatibus
1098 1543 1328 1578 refrenandis
1343 1547 1380 1578 et
1399 1554 1570 1579 coercen-

141 1587 247 1632 perit,
263 1587 337 1623 Sat.
352 1587 400 1620 II.
413 1587 445 1631 3,
461 1587 550 1621 2905
581 1599 627 1632 q.,
642 1592 678 1622 et
691 1591 843 1622 temera·
869 1588 923 1621 dis
947 1587 1093 1622 facilius
1119 1588 1228 1622 etiam
1254 1593 1365 1634 atque
1390 1589 1504 1623 tutius
1523 1588 1571 1623 ad

140 1632 232 1666 riam
245 1631 470 1676 impietatem
484 1632 553 1676 dep
573 1636 664 1677 orat,
686 1644 758 1678 qua
770 1644 843 1667 una
867 1632 1079 1667 felicitatem
1093 1633 1239 1667 nomine
1255 1645 1320 1668 suo
1330 1633 1478 1679 dignam
1490 1644 1570 1678 per-

140 1677 295 1711 maxime
321 1676 490 1710 effectum
521 1687 603 1711 esse
629 1682 771 1721 censet,
803 1681 845 1711 ut
867 1677 981 1712 veniri
1006 1689 1116 1722 posse
1147 1683 1266 1722 ratus3
1299 1683 1459 1713 sectatus
1484 1679 1571 1712 item

141 1721 298 1756 Romani
326 1732 401 1756 non
431 1722 540 1755 modo
566 1721 603 1755 in
632 1722 843 1766 turpissima
867 1727 923 1757 est
957 1723 1052 1757 vitae
1083 1723 1371 1757 mediocritatem
1407 1723 1571 1758 hilariter

142 1777 310 1812 quaeque
330 1766 418 1800 vitia
436 1766 601 1811 prolapsi
619 1771 755 1811 essent,
778 1768 842 1802 sed
867 1767 993 1802 fruens
1013 1767 1120 1801 bonis
1138 1767 1396 1812 praesentibus
1417 1771 1454 1802 et
1466 1768 1569 1802 undi-

139 1812 250 1846 etiam
263 1811 405 1856 imperii
419 1812 473 1845 sui
486 1811 627 1845 ruinam
640 1815 775 1846 temere
785 1823 842 1846 ac—
895 1823 938 1846 ue
949 1813 1149 1856 decerpens
1159 1812 1321 1847 laetitiae
1330 1816 1367 1847 et
1375 1812 1568 1847 hilaritatis

141 1857 362 1899 celei-arent,
387 1868 419 1890 v.
444 1856 563 1900 Epod.
581 1856 665 1891 VH.
685 1861 723 1890 et
740 1857 841 1892 XVI.
866 1823 1020 1901 111-απυδ,
1029 1857 1250 1902 quotiesipsi
1260 1856 1487 1900 offerrentur,
1500 1867 1570 1892 nec

141 1900 216 1936 Sat.
235 1901 283 1935 Π.
297 1901 335 1945 2,
351 1900 426 1935 104.
447 1900 514 1934 Od.
534 1900 602 1934 III.
621 1902 642 1935 6
654 1902 702 1935 in.
725 1901 792 1936 Od.
813 1901 841 1936 Ι,
868 1903 912 1936 de
926 1902 1036 1936 rebus
1061 1901 1194 1936 futuris
1209 1901 1407 1946 sollicitusz,
1433 1903 1570 1936 celsum

139 1946 195 1989 35,
209 1945 364 1980 33—38.
403 1946 649 1986 Quamobrem
668 1950 705 1980 et
724 1946 842 1991 gravi-
866 1957 976 1991 porro
1003 1957 1296 1992 generosumque
1320 1946 1478 1980 animum
1498 1945 1569 1981 sibi

139 1994 195 2025 ter
207 1991 343 2035 passim
364 1991 495 2025 suadet
506 1991 747 2035 popularibus
768 1991 842 2025 suis
869 1991 1038 2035 servavit,
1047 1994 1087 2024 ut
1099 2002 1144 2026 ne
1158 2002 1319 2037 unquam
1327 2002 1370 2026 ex
1377 2002 1496 2026 rerum
1511 2002 1568 2026 ex-

138 2035 237 2080 piam
257 2036 407 2070 deorum
426 2035 666 2070 reverentiam
686 2039 722 2070 et
741 2047 842 2081 egre—
867 2040 1050 2070 ternarum
1070 2036 1216 2071 casibus
1235 2035 1396 2070 fortuitis
1415 2040 1478 2070 aut
1495 2035 1568 2069 for-

140 2080 220 2126 gias
234 2080 376 2125 profert
387 2080 432 2114 de
447 2079 515 2114 diis
529 2091 573 2114 ac
586 2081 696 2115 rebus
711 2081 842 2115 divinis
866 2085 975 2115 tunae
990 2081 1140 2115 arbitrio
1155 2092 1198 2115 ac
1216 2081 1420 2115 temeritate
1432 2081 1567 2125 pende-

141 2125 356 2170 sententias,
370 2129 411 2158 ut
430 2136 541 2170 quum
555 2125 666 2158 divini
685 2126 841 2159 numinis
866 2129 931 2160 ret.
957 2126 1201 2166 Quamobrem
1215 2137 1260 2160 ne
1275 2125 1319 2159 iis
1333 2125 1491 2171 quidem,
1507 2124 1566 2170 qui

139 2170 341 2214 potentiam
362 2170 483 2204 verbis
498 2169 700 2214 magnificis
716 2170 841 2203 adum·
866 2170 935 2215 ipsi
949 2170 1171 2205 favissentet
1185 2171 1288 2215 larga
1297 2170 1485 2204 dedissent
1493 2181 1567 2204 mu-

138 2215 223 2249 brat
242 2214 310 2249 Od.
325 2214 352 2248 I.
367 2215 420 2257 12,
437 2214 479 2247 14
492 2225 534 2259 sq
563 2240 571 2247 .
589 2214 686 2258 Ι.32,
701 2215 753 2248 12.
774 2215 840 2249 111.
866 2226 971 2259 nera,
996 2215 1073 2249 ullo
1098 2215 1206 2249 modo
1231 2215 1460 2260 mancipatus
1486 2225 1566 2249 esse

139 2260 171 2303 1,
181 2260 212 2293 6.
226 2259 294 2293 III.
307 2259 340 2302 ἴ),
355 2260 385 2292 1.
398 2259 466 2292 ΠΙ.
474 2258 507 2302 4,
520 2226 631 2302 λέξαι,
647 2263 710 2293 aut
722 2260 840 2303 provi—
865 2260 991 2293 voluit.
1027 2259 1167 2295 Vitavit
1185 2259 1279 2293 enim
1293 2260 1431 2302 urbem,
1453 2271 1566 2304 quan-

140 2305 288 2338 dentiae
314 2304 463 2338 deorum
493 2304 603 2338 docet
627 2303 749 2338 omnia
778 2304 838 2348 pio
865 2304 1197 2348 tumpotuit‚acvel
1210 2304 1332 2338 invitis
1342 2304 1566 2338 eti-eluctan-

138 2350 258 2384 animo
300 2348 517 2383 ermittenda
530 2359 623 2392 esse,
646 2348 712 2383 od.
726 2348 793 2382 111.
807 2349 838 2392 6,
864 2349 963 2383 tibus
999 2349 1227 2393 principibus
1258 2348 1360 2392 viris,
1397 2349 1460 2394 qui
1495 2348 1566 2393 ipsi

138 2395 169 2428 6.
183 2394 211 2428 Ι.
225 2395 257 2437 9,
272 2361 386 2438 gsqq.
399 2392 466 2426 ΠΙ.
479 2393 533 2438 33,
549 2394 566 2426 1
584 2405 676 2438 sqq.,
697 2397 732 2427 et
746 2404 839 2439 quae
864 2394 958 2428 bene
977 2394 1125 2437 vellent,
1146 2404 1227 2428 sese
1247 2393 1437 2436 subtraxit,
1457 2404 1502 2427 ne
1521 2393 1565 2427 iis

139 2442 224 2472 sunt
240 2439 278 2472 id
297 2448 415 2484 genus
435 2438 518 2472 alia.
554 2438 596 2471 In
611 2438 744 2482 quibus
766 2448 841 2472 om·
863 2438 1047 2472 humiliter
1066 2438 1201 2472 servire
1227 2442 1430 2494 cogeretur.
1468 2438 1564 2478 Quin

136 2483 247 2518 nibus
261 2483 329 2517 etsi
347 2493 422 2517 non
442 2493 521 2516 eam
534 2483 707 2527 pietatem
727 2493 839 2528 agno·
864 2483 973 2517 etiam
991 2483 1146 2526 Epistol.
1167 2482 1214 2516 ΙΙ.
1229 2483 1266 2526 7,
1279 2482 1333 2516 34.
1359 2481 1564 2516 Maecenati

138 2528 283 2571 scimus,
298 2532 339 2561 ut
356 2527 440 2561 inde
456 2538 536 2560 cum
550 2527 745 2562 Dacieriol
767 2527 838 2562 col-
864 2526 1045 2562 liberrime
1065 2526 1268 2572 profitetur,
1321 2531 1460 2561 aratum
1482 2537 1563 2561 sese

137 2573 161 2608 li
192 2584 294 2607 amus
318 2576 466 2616 poetam
490 2583 565 2606 non
586 2573 703 2606 solum
724 2573 838 2606 libros
863 2583 944 2606 esse
959 2572 1005 2606 ad
1020 2573 1152 2615 omnia,
1168 2583 1261 2616 quae
1276 2583 1298 2606 a
1343 2582 1386 2606 eo
1401 2582 1488 2606 acce
1518 2571 1562 2604 is-

179 2616 838 2662 oysislegisse,sedetiammethodum
864 2621 930 2661 set,
957 2617 1130 2651 continuo
1155 2616 1356 2660 reddenda,
1383 2615 1477 2661 siqui
1506 2627 1562 2650 em

137 2661 326 2697 doctrinae
347 2663 394 2695 ad
413 2661 543 2695 satiras
565 2662 837 2696 concinnandas
864 2660 1562 2706 diuturnioreorumpossessiosuaipsi·

170 2720 185 2745 1
203 2719 321 2751 Remarq
345 2726 392 2744 sur
403 2719 446 2744 les
458 2719 561 2744 Satires
574 2719 720 2752 d'Horace.
895 2720 910 2745 1
930 2720 958 2744 in
973 2719 1110 2751 Operibus
1122 2720 1216 2745 variis.
1230 2717 1433 2744 Amntslodsm.
1445 2718 1522 2744 178³.
1535 2718 1560 2743 4.

454 1197 479 1226 ,ς
504 1183 589 1218 item
607 1196 722 1228 prava
735 1196 792 1219 am
821 1197 846 1218 1-
871 1189 970 1220 recte
995 1187 1202 1230 negaverit,
1227 1185 1422 1221 Horatium
1444 1186 1572 1231 utique
