1500 2820
172 176 253 219 212
601 185 643 230 Q.
661 185 876 223 HORATII
891 185 1075 224 rnAcci
1094 175 1097 177 “

170 303 290 344 saepe
315 288 437 330 etiam
461 289 657 331 audacem
681 289 798 346 fugat
820 290 898 332 hoc
922 297 1123 346 terretque
1145 299 1319 347 poetam,

168 351 278 405 quod
299 365 468 392 numero
491 350 646 406 plures,
671 352 818 394 virtute
843 359 883 394 et
905 353 1057 395 honore
1080 354 1270 405 minores,

166 412 319 454 indocti
345 413 560 466 stolidique
585 419 624 454 et
648 414 882 470 depugnare
906 415 1048 470 parati,

80 488 143 519 185
169 475 203 515 si
227 475 430 516 discordet
453 489 596 529 eques,
622 476 756 517 media
778 476 882 517 inter
905 477 1083 518 carmina
1105 485 1278 532 poscunt

167 543 237 578 aut
261 551 402 577 ursum
426 544 495 578 aut
518 538 697 592 pugiles3
722 538 785 579 his
809 554 905 579 nam
929 538 1141 593 plebecula
1163 541 1326 596 gaudet.

165 612 308 639 verum
332 598 477 651 equitis
502 613 663 653 quoque
686 600 768 640 iam
792 600 982 655 migravit
1005 599 1056 642 ab
1081 615 1178 642 aure
1200 602 1387 658 voluptas

167 660 299 701 omnis
325 660 376 701 ad
400 660 574 701 incertos
600 661 739 702 oculos
766 667 807 702 et
829 661 980 716 gaudia
1004 677 1121 703 vana.

166 728 355 775 quattuor
379 730 448 763 aut
471 723 607 777 plures
633 723 775 764 aulaea
797 730 1036 778 premuntur
1057 724 1100 765 in
1122 724 1255 775 horas,
1487 770 1491 771 ⁷

79 795 143 826 190
167 783 263 824 dum
288 783 452 839 fugiunt
475 785 656 838 equitum
680 791 835 826 turmae
858 786 1121 841 peditumque
1146 793 1349 837 catervae;
1476 802 1500 845 ⁵⁹2-

166 861 261 887 mox
286 847 456 887 trahitur
479 847 669 888 manibus
693 862 837 903 regum
860 848 1023 889 fortuna
1046 848 1227 899 retortis;
1487 851 1500 887 ’.ἰ

166 908 311 949 esseda
334 908 546 958 festinant,
571 909 740 963 pilenta,
765 909 975 964 petorrita,
999 924 1144 960 naves3
1479 911 1500 968 ²2³

166 970 372 1024 captivum
395 976 578 1025 portatur
601 970 719 1020 ebur,
745 971 906 1026 captiva
930 971 1165 1014 Corinthus.
1493 971 1495 975 ¹

167 1031 202 1073 si
226 1031 330 1073 foret
353 1032 396 1073 in
420 1033 554 1082 terris,
579 1032 728 1074 rideret
751 1032 1035 1083 Democritus,
1062 1047 1136 1075 seu

78 1105 141 1136 195
166 1093 372 1134 diversum
397 1093 568 1135 confusa
591 1109 721 1149 genus
745 1095 943 1149 panthera
966 1094 1135 1145 camelo,

167 1154 252 1196 sive
278 1155 442 1209 elephas
468 1155 584 1196 albus
610 1156 724 1211 vulgi
748 1162 999 1198 converteret
1023 1171 1112 1207 ora3

167 1222 367 1271 spectaret
391 1217 588 1271 populum
611 1217 718 1259 ludis
743 1218 934 1260 attentius
958 1218 1060 1273 ipsis

166 1285 210 1319 ut
235 1277 312 1320 sibi
334 1278 597 1333 praebentem
621 1279 744 1321 mimo
770 1280 1002 1335 spectacula
1024 1280 1161 1334 plura3

166 1340 383 1395 scriptores
409 1347 543 1381 autem
567 1356 730 1383 narrare
753 1348 915 1396 putaret
938 1342 1064 1384 asello

80 1414 145 1446 200
169 1401 361 1443 fabellam
387 1403 522 1444 surdo.
553 1418 647 1443 nam
672 1418 776 1457 quae
799 1403 1034 1458 pervincere
1058 1417 1180 1445 voces

167 1464 353 1506 evaluere
379 1479 542 1514 sonum,
567 1465 749 1506 referunt
772 1480 895 1519 quem
919 1471 1058 1507 nostra
1082 1464 1264 1506 theatra?

167 1524 407 1582 Garganum
432 1527 588 1582 mugire
612 1534 730 1582 putes
754 1541 899 1568 nemus
924 1533 993 1568 aut
1017 1541 1127 1568 mare
1152 1526 1351 1568 Tuscum:

166 1594 277 1629 tanto
302 1603 395 1629 cum
421 1589 591 1643 strepitu
614 1588 700 1629 ludi
724 1595 958 1643 spectantur
981 1594 1021 1629 et
1045 1595 1150 1629 artes

165 1650 410 1703 divitiaeque
434 1650 690 1705 peregrinae!
716 1650 863 1704 quibus
889 1650 1038 1692 oblitus
1063 1657 1175 1691 actor

78 1725 142 1757 205
167 1726 293 1767 quum
318 1712 427 1754 stetit
450 1712 493 1753 in
518 1727 656 1762 scena,
683 1713 885 1754 concurrit
907 1713 1074 1754 dextera
1097 1713 1249 1754 laevae.

169 1774 296 1826 „dixit
304 1774 436 1815 adhuc
444 1774 620 1828 aliquid?
631 1778 652 1796 ‘⁶
662 1799 715 1804 —
725 1774 805 1825 „nil
816 1789 925 1816 sane.
931 1777 952 1796 “
962 1799 1016 1804 —
1026 1774 1150 1828 „quid
1156 1774 1289 1829 placet
1296 1773 1418 1830 ergo?
1427 1777 1500 1802 “-

169 1836 287 1886 „lana
311 1835 533 1877 Tarentino
557 1836 685 1878 violas
711 1836 866 1877 imitata
890 1838 1086 1878 veneno-‘⁴
1113 1861 1166 1866 -

167 1912 215 1939 ac
237 1913 288 1939 ne
312 1897 415 1939 sorte
439 1905 558 1953 putes
583 1913 666 1948 me,
692 1913 797 1952 quae
821 1899 955 1940 facere
978 1899 1067 1954 ipse
1090 1912 1288 1948 recusem,

170 1975 297 2014 quum
320 1966 429 2001 recte
453 1966 624 2002 tractent
647 1960 733 2010 alii,
759 1961 925 2002 laudare
949 1961 1146 2017 maligne3

78 2035 143 2066 210
167 2022 235 2063 ille
258 2036 333 2076 per
356 2028 562 2063 extentum
587 2022 727 2064 funem
751 2022 851 2063 mihi
874 2037 997 2077 posse
1020 2022 1180 2063 videtur

165 2083 224 2125 ire
247 2090 385 2139 poeta,
412 2099 549 2125 meum
573 2084 644 2138 qui
666 2091 809 2139 pectus
833 2084 1006 2126 inaniter
1029 2084 1154 2140 angit,

166 2145 311 2195 irritat,
338 2145 505 2195 mulcet,
531 2145 647 2187 falsis
672 2145 889 2188 terroribus
913 2145 1066 2200 implet,

166 2214 212 2248 ut
234 2222 380 2262 magus
405 2213 445 2248 et
469 2207 590 2248 modo
615 2222 679 2248 me
705 2207 859 2248 Thebis
884 2207 1005 2248 modo
1028 2206 1143 2262 ponit
1165 2204 1354 2247 Athenis.

167 2283 309 2310 verum
333 2283 428 2324 age,
455 2275 494 2310 et
518 2269 599 2318 his,
626 2269 695 2323 qui
721 2284 764 2310 se
788 2269 927 2310 lectori
951 2269 1114 2310 credere
1138 2267 1295 2309 malunt

79 2344 143 2375 215
167 2345 290 2385 quam
315 2331 553 2386 spectatoris
578 2331 742 2372 fastidia
766 2331 870 2372 ferre
896 2330 1072 2385 superbi,

168 2407 304 2434 curam
329 2392 453 2433 redde
478 2392 660 2442 brevem,
687 2392 721 2433 si
745 2406 894 2433 munus
917 2391 1111 2447 Apolline
1135 2391 1306 2447 dignum

167 2455 230 2496 vis
258 2454 459 2509 complere
483 2454 596 2496 libris
621 2461 661 2496 et
683 2454 845 2496 vatibus
870 2454 1018 2495 addere
1043 2453 1187 2503 calcar,

167 2523 213 2557 ut
237 2516 370 2557 studio
394 2515 546 2557 maiore
569 2522 710 2571 petant
733 2515 937 2557 Helicona
960 2515 1170 2556 virentem.

167 2578 296 2619 multa
319 2578 483 2632 quidem
507 2578 625 2620 nobis
650 2578 824 2619 facimus
850 2577 957 2618 mala
981 2591 1102 2632 saepe
1125 2582 1283 2632 poetae,

81 2652 146 2684 220
168 2646 214 2682 ut
238 2641 374 2682 vineta
397 2646 559 2695 egomet
583 2640 751 2682 caedam
774 2654 883 2690 mea,
910 2653 1035 2694 quum
1060 2638 1134 2680 tibi
1155 2637 1304 2680 librum
