1500 2820
143 172 223 214 182
572 180 615 223 Q.
632 179 848 217 HORATH
863 181 1047 218 FLACCI

53 297 116 329 105
139 284 190 326 de
207 291 246 326 te
263 283 490 340 pendentis,
514 290 553 324 te
567 283 819 339 respicientis
844 285 975 327 amici.

138 346 192 388 ad
215 360 434 388 summam:
460 345 622 400 sapiens
647 359 729 388 uno
752 346 884 389 minor
907 353 969 389 est
992 347 1111 398 Iove,
1135 348 1263 401 dives,

135 407 255 458 liber,
281 407 518 456 honoratus,
542 406 728 462 pulcher,
751 423 825 450 rex
848 409 1022 463 denique
1045 424 1202 466 regum,

135 469 351 526 praecipue
377 483 519 519 sanus,
544 469 622 511 nisi
646 484 772 523 quum
794 470 940 526 pituita
961 471 1132 514 molesta
1154 478 1230 516 est.

599 602 924 642 EPISTOLA
952 604 1012 642 H.

551 696 640 727 AD
686 697 716 727 L
743 695 825 728 OL
852 698 1061 731 LIUM.

136 779 303 822 Troiani
325 779 423 822 belli
447 779 701 834 scriptorem,
726 780 903 821 maxime
925 780 1050 831 Lolli,

135 842 234 883 dum
257 848 301 882 tu
325 840 528 882 declamas
552 840 725 891 Romae,
751 840 972 883 Praeneste
994 842 1139 899 relegi3

135 904 205 958 qui
229 903 327 958 quid
353 903 405 944 sit
427 902 653 958 pulchrum,
679 903 777 956 quid
802 910 935 959 turpe,
962 904 1059 958 quid
1082 905 1199 956 utile,
1225 905 1322 960 quid
1344 920 1438 956 non,

134 965 294 1020 plenius
319 979 367 1006 ac
391 964 536 1006 melius
563 963 795 1019 Chrysippo
821 972 861 1006 et
886 964 1084 1007 Crantore
1107 967 1216 1009 dicit.

90 1042 109 1072 5
134 1042 207 1069 cur
229 1028 286 1068 ita
309 1027 566 1076 crediderim,
591 1026 671 1068 nisi
694 1027 794 1081 quid
817 1033 856 1068 te
881 1027 1062 1078 distinet,
1087 1029 1194 1071 audi.

132 1088 291 1138 fabula,
318 1103 400 1142 qua
422 1088 583 1129 Paridis
608 1096 773 1143 propter
795 1095 980 1130 narratur
1003 1104 1183 1132 amorem

135 1150 310 1194 Graecia
332 1150 555 1192 Barbariae
577 1150 686 1191 lento
711 1151 851 1192 collisa
874 1151 1021 1202 duello,

134 1213 350 1254 stultorum
374 1226 517 1267 regum
541 1218 582 1252 et
604 1212 848 1267 populorum
872 1213 1050 1255 continet
1071 1219 1222 1256 aestus.

131 1273 319 1316 Antenor
342 1280 480 1315 censet
503 1273 599 1315 belli
621 1274 854 1329 praecidere
878 1289 1077 1317 caussam.

69 1350 111 1381 10
133 1337 244 1391 quod
266 1336 403 1386 Paris,
428 1342 474 1376 ut
504 1336 642 1377 salvus
666 1342 809 1392 regnet
831 1336 1022 1391 vivatque
1046 1336 1203 1388 beatus,

132 1398 224 1455 cogi
246 1412 369 1454 posse
392 1403 527 1453 negat.
557 1397 707 1440 Nestor
730 1413 972 1454 componere
995 1399 1086 1441 lites

130 1462 235 1503 inter
256 1460 429 1502 Peliden
452 1460 619 1501 festinat
643 1466 683 1501 et
704 1460 810 1502 inter
832 1460 1026 1512 Atriden3

131 1523 240 1565 hunc
263 1537 395 1572 amor,
420 1522 480 1563 ira
502 1522 668 1576 quidem
692 1523 959 1564 communiter
981 1523 1062 1564 urit
1084 1528 1312 1578 utrumque.

131 1584 331 1639 quidquid
355 1583 527 1625 delirant
549 1598 687 1639 reges,
712 1584 943 1639 plectuntur
965 1584 1129 1626 Achivi.

66 1660 106 1691 15
132 1646 347 1695 seditione,
374 1645 496 1695 dolis,
523 1645 674 1687 scelere
698 1652 820 1699 atque
843 1646 1009 1688 libidine
1034 1652 1074 1688 et
1094 1646 1155 1688 ira

130 1708 278 1749 Iliacos
302 1707 408 1748 intra
430 1722 568 1749 muros
593 1713 784 1762 peccatur
808 1714 847 1748 et
871 1715 995 1749 extra.

129 1785 269 1811 rursus
295 1769 394 1823 quid
419 1770 545 1810 virtus
570 1776 609 1810 et
633 1769 732 1823 quid
756 1770 954 1825 sapientia
976 1770 1118 1825 possit,

130 1832 227 1874 utile
250 1831 462 1886 proposuit
485 1830 602 1873 nobis
627 1832 834 1887 exemplar
858 1831 1035 1882 Ulixem,

130 1895 200 1949 qui
224 1889 398 1935 domitor
422 1893 569 1935 Troiae
593 1894 813 1935 multorum
835 1894 1029 1949 providus
1055 1893 1176 1936 urbes

63 1969 106 2000 20
130 1963 170 1998 et
193 1970 326 1998 mores
350 1955 563 1996 hominum
585 1956 781 2011 inspexit,
805 1956 1013 2010 latumque
1036 1971 1110 2011 per
1133 1970 1296 2010 aequor,

129 2018 228 2059 dum
253 2017 347 2067 sibi,
374 2018 472 2058 dum
498 2018 618 2059 sociis
642 2018 816 2059 reditum
839 2027 973 2072 parat,
1000 2032 1144 2072 aspera
1166 2017 1294 2059 multa

129 2079 310 2136 pertulit,
336 2079 519 2121 adversis
543 2094 679 2121 rerum
702 2079 988 2122 immersabilis
1012 2080 1145 2122 undis.

132 2141 322 2184 Sirenum
345 2156 467 2183 voces
493 2147 532 2183 et
558 2141 702 2184 Circae
725 2142 872 2196 pocula
895 2142 1001 2183 nosti
1009 2158 1020 2192 ;

129 2218 233 2258 quae
258 2203 294 2244 si
317 2217 410 2244 cum
435 2203 554 2245 sociis
581 2203 727 2244 stultus
753 2203 1006 2259 cupidusque
1030 2202 1212 2254 bibisset,

62 2279 104 2310 25
131 2265 206 2307 sub
232 2265 397 2307 domina
420 2265 629 2306 meretrice
653 2265 799 2307 fuisset
822 2265 950 2321 turpis
975 2271 1015 2306 et
1038 2279 1180 2306 excors

128 2326 300 2369 vixisset
323 2327 435 2368 canis
459 2327 693 2369 immundus
717 2328 783 2368 vel
807 2328 939 2369 amica
960 2327 1045 2370 luto
1069 2342 1152 2369 sus.

127 2404 204 2432 nos
227 2404 422 2431 numerus
448 2405 589 2431 sumus
614 2396 654 2430 et
677 2389 817 2445 fruges
843 2404 1081 2431 consumere
1104 2389 1202 2439 nati,

130 2451 271 2506 sponsi
294 2451 544 2506 Penelopae,
570 2451 814 2502 nebulones,
844 2451 1090 2505 Alcinoique

127 2513 171 2555 in
195 2520 287 2555 cute
311 2514 490 2555 curanda
513 2513 604 2568 plus
629 2527 760 2567 aequo
784 2520 950 2568 operata
971 2514 1174 2563 iuventus,

63 2589 105 2620 30
129 2575 195 2617 cui
217 2575 433 2631 pulchrum
457 2576 567 2617 fuit
556 2592 600 2617 m
622 2576 778 2618 medios
803 2577 977 2618 dormire
1002 2576 1088 2617 dies
1113 2581 1153 2617 et

129 2638 182 2679 ad
211 2638 423 2693 strepitum
448 2637 624 2679 citharae
648 2644 876 2680 cessantem
900 2639 1047 2680 ducere
1072 2652 1272 2680 somnum.

128 2706 174 2741 ut
195 2699 382 2756 iugulent
404 2699 628 2751 hominem,
655 2706 828 2755 surgunt
850 2700 901 2742 de
925 2706 1042 2742 nocte
1065 2699 1241 2742 latrones
1248 2714 1262 2750 3
