1566 2814
242 169 325 211 222
678 177 721 220 Q.
739 175 953 213 HORATn
968 177 1149 215 FLAoor

241 295 363 336 quem
386 295 511 336 penes
536 279 745 322 arbitrium
770 286 832 322 est
854 287 894 323 et
915 280 980 323 ius
1005 288 1045 323 et
1067 297 1210 325 norma
1230 282 1432 338 loquendi.

295 358 360 385 res
384 350 524 399 gestae
548 357 771 398 regumque
795 343 1024 398 ducumque
1049 350 1088 386 et
1111 345 1240 386 tristia
1263 345 1370 387 bella

240 420 321 459 quo
347 404 469 446 scribi
491 411 659 459 possent
681 419 868 455 numero,
894 406 1134 447 monstravit
1155 406 1375 449 Homerus.

176 481 215 511 75
239 465 424 508 versibus
448 465 654 521 impariter
675 466 821 508 iunctis
845 467 1096 521 querimonia
1118 468 1305 522 primum,

238 534 332 584 post
356 527 477 569 etiam
500 527 658 569 inclusa
679 535 742 569 est
764 528 848 569 voti
872 529 1072 570 sententia
1094 543 1273 585 compos.

240 591 331 644 quis
355 597 491 631 tamen
515 590 684 646 exiguos
710 590 847 646 elegos
872 591 1050 632 emiserit
1073 598 1224 642 auctor,

239 652 493 706 grammatici
517 658 670 693 certant
694 658 734 694 et
756 652 891 694 adhuc
915 652 991 694 sub
1015 653 1147 694 iudice
1170 653 1220 695 lis
1245 660 1318 696 est.

238 714 532 756 Archilochum
556 714 716 770 proprio
740 715 872 756 rabies
898 716 1069 757 armavit
1091 715 1240 758 iambo.

172 788 214 819 80
238 777 347 819 hunc
371 778 479 820 socci
503 792 645 832 cepere
669 777 816 832 pedem
840 778 1098 833 grandesque
1122 778 1317 829 cothurni,

239 838 403 880 alternis
429 850 569 894 aptum
594 838 865 888 sermonibus,
891 845 930 880 et
952 839 1169 894 populares

239 900 466 941 vincentem
492 900 681 955 strepitus
707 907 746 941 et
769 907 910 941 natum
932 900 1054 942 rebus
1079 901 1261 957 agendis.

238 961 364 1003 Musa
388 963 498 1003 dedit
520 962 668 1003 fidibus
694 962 809 1004 divos
833 977 1062 1017 puerosque
1086 963 1255 1004 deorum

241 1030 280 1064 et
303 1023 484 1078 pugilem
508 1024 701 1064 victorem
726 1030 766 1064 et
790 1038 940 1077 equum
965 1025 1182 1066 certamine
1205 1025 1379 1080 primum

173 1096 216 1128 85
240 1091 280 1126 et
302 1085 495 1125 iuvenum
520 1099 636 1126 curas
662 1091 702 1126 et
723 1084 851 1126 libera
874 1085 968 1126 vina
990 1086 1151 1128 referre.

240 1147 463 1201 descriptas
495 1161 655 1188 servare
679 1146 789 1188 vices
815 1161 1063 1202 operumque
1088 1147 1241 1190 colores

240 1223 312 1249 cur
335 1222 412 1263 ego
438 1208 471 1249 si
495 1222 654 1261 nequeo
678 1208 901 1263 ignoroque
924 1216 1046 1264 poeta
1069 1209 1244 1252 salutor?

240 1284 312 1311 cur
334 1270 490 1311 nescire
513 1270 671 1324 pudens
695 1284 818 1324 prave
842 1285 964 1324 quam
989 1271 1144 1313 discere
1167 1271 1299 1314 malo?

239 1331 425 1373 versibus
451 1332 599 1386 exponi
623 1331 786 1387 tragicis
810 1347 874 1373 res
900 1332 1054 1373 comica
1076 1347 1158 1374 non
1181 1333 1279 1374 vult.

175 1405 217 1435 9ο
241 1393 473 1448 indignatur
495 1393 592 1434 item
615 1393 782 1447 privatis
807 1408 855 1434 ao
877 1408 1003 1448 prope
1029 1409 1147 1436 socco

240 1455 374 1510 dignis
399 1455 643 1496 carminibus
667 1455 821 1496 narrari
845 1470 970 1496 coena
994 1455 1212 1511 Thyestae.

241 1516 401 1571 singula
424 1531 608 1570 quaeque
631 1516 766 1558 locum
791 1523 953 1558 teneant
977 1517 1117 1558 sortita
1140 1518 1362 1560 decentem.

240 1578 442 1618 interdum
466 1585 602 1618 tamen
626 1584 665 1618 et
688 1592 831 1618 vocem
857 1578 1066 1619 comoedia
1089 1578 1202 1628 tollit,

239 1638 446 1692 iratusque
472 1638 668 1680 Chremes
694 1639 847 1680 tumido
872 1639 1053 1695 delitigat
1077 1655 1164 1690 ore3

174 1712 215 1744 95
241 1707 279 1741 et
303 1701 480 1756 tragicus
504 1700 740 1755 plerumque
765 1701 872 1742 dolet
897 1716 1081 1743 sermone
1105 1702 1283 1756 pedestri

242 1762 448 1816 Telephus
473 1768 513 1803 et
537 1761 703 1811 Peleus,
729 1777 854 1815 quum
877 1777 1032 1817 pauper
1055 1769 1095 1804 et
1118 1763 1212 1804 exul
1235 1769 1403 1818 uterque

240 1824 399 1879 proiicit
423 1823 621 1878 ampullas
647 1830 687 1864 et
711 1824 1010 1878 sesquipedalia
1033 1824 1169 1875 verba,

242 1886 276 1927 si
300 1892 412 1927 curat
437 1901 504 1927 cor
529 1886 748 1940 spectantis
773 1886 954 1941 tetigisse
978 1887 1152 1940 querela.

296 1963 378 1989 non
403 1947 500 1988 satis
526 1954 588 1988 est
610 1947 779 2001 pulchra
803 1962 892 1989 esse
916 1955 1122 2002 poemata3
1147 1948 1280 1990 dulcia
1304 1954 1434 1998 sunto,
1543 1942 1555 1973 ἓ

155 2024 217 2055 100
242 2017 298 2060 et,
324 2023 580 2063 quocumque
604 2009 757 2058 volent,
784 2010 962 2050 animum
987 2010 1179 2051 auditoris
1204 2016 1368 2066 agunto.

242 2079 286 2114 ut
309 2070 533 2112 ridentibus
558 2070 750 2119 arrident,
775 2071 832 2111 ita
854 2070 1043 2112 flentibus
1068 2071 1216 2112 adsunt

241 2132 410 2174 humani
433 2131 586 2172 vultus:
613 2132 647 2172 si
671 2132 732 2172 vis
758 2146 822 2172 me
846 2132 959 2182 flere,
985 2132 1203 2173 dolendum
1227 2135 1289 2174 est

241 2195 417 2250 primum
441 2193 519 2248 ipsi
543 2193 633 2242 tibi3
659 2200 754 2234 tunc
778 2201 848 2234 tua
871 2208 935 2234 me
958 2193 1178 2235 infortunia
1201 2193 1372 2244 laedent,

244 2255 424 2310 Telephe
448 2254 513 2295 vel
536 2254 681 2303 Peleu3
707 2255 812 2295 male
837 2255 870 2295 si
894 2256 1085 2296 mandata
1107 2255 1296 2309 loqueris,

155 2331 218 2361 105
243 2324 312 2358 aut
336 2314 560 2357 dormitabo
586 2323 654 2356 aut
676 2315 828 2356 ridebo.
861 2316 990 2357 tristia
1013 2323 1213 2357 maestum

242 2378 401 2419 vultum
423 2376 548 2418 verba
572 2377 732 2426 decent3
757 2377 921 2427 iratum,
946 2378 1066 2432 plena
1090 2378 1308 2428 minarum3

242 2440 466 2488 ludentem,
491 2438 661 2487 lasciva3
688 2453 891 2488 severum,
918 2439 1022 2481 seria
1046 2440 1167 2481 dictu.

241 2501 390 2542 format
413 2500 520 2540 enim
543 2506 688 2541 natura
710 2500 820 2554 prius
846 2515 919 2541 nos
944 2501 1051 2541 intus
1076 2501 1128 2541 ad
1152 2515 1313 2542 omnem

242 2562 494 2603 fortunarum
517 2560 719 2611 habitum3
743 2561 854 2602 iuvat
878 2568 946 2602 aut
970 2561 1139 2617 impellit
1161 2562 1214 2603 ad
1236 2562 1350 2612 iram,

156 2637 220 2669 110
243 2630 312 2665 aut
336 2623 388 2665 ad
411 2623 580 2664 humum
604 2636 784 2664 maerore
808 2623 923 2677 gravi
947 2623 1110 2664 deducit
1133 2629 1174 2664 et
1196 2622 1327 2678 angit3
