1500 2820
368 196 644 236 GARMINUM
668 198 767 235 LIB.
785 196 855 241 m.

71 320 147 348 seu
170 303 334 349 Graeco
357 303 502 347 iubeas
528 303 684 355 trocho,

127 383 203 412 seu
225 368 346 411 malis
370 367 498 410 vetita
520 367 685 424 legibus
710 367 813 418 alea,

69 446 198 488 quum
221 431 386 488 periura
407 431 536 487 patris
561 430 665 473 fides

125 501 358 538 consortem
386 494 545 537 socium
569 493 686 536 fallat
710 501 750 535 et
774 492 960 549 hospites

67 598 320 656 indignoque
343 597 563 654 pecuniam

122 661 266 704 heredi
287 666 491 718 properet.
518 660 674 703 scilicet
697 659 910 716 improbae

67 731 257 768 crescunt
281 724 448 766 divitiae
455 740 467 776 3
493 729 632 766 tamen

123 795 263 832 curtae
285 788 427 831 nescio
452 787 552 843 quid
578 802 743 844 semper
766 787 884 830 abest
907 788 979 830 rei.

388 991 821 1031 OARMENXXV.

336 1094 428 1125 AD
475 1093 873 1126 BACCHUM.

64 1189 160 1245 Quo
183 1204 270 1241 me,
294 1189 481 1241 Bacche,
506 1189 618 1245 rapis
642 1189 703 1231 tui

118 1252 314 1310 plenum?
337 1267 443 1308 quae
467 1267 638 1294 nemora
661 1258 732 1294 aut
756 1267 861 1308 quos
886 1268 989 1310 agor
1011 1254 1052 1295 in
1080 1268 1230 1310 spe-cus

63 1317 185 1360 velox
207 1322 346 1359 mente
369 1316 503 1358 nova?
526 1315 678 1371 quibus

119 1380 247 1423 antris
272 1379 430 1436 egregii
456 1378 649 1421 Caesaris
675 1379 820 1421 audiar

64 1489 277 1526 aeternum
301 1483 507 1525 meditans
532 1483 660 1525 decus

120 1546 248 1589 stellis
272 1546 452 1589 inserere
477 1553 518 1588 et
542 1546 714 1588 consilio
739 1546 879 1588 Iovis?

60 1609 196 1652 dicam
219 1609 400 1666 insigne,
425 1624 589 1660 reeens,
616 1609 752 1651 adhuc

115 1673 317 1715 indictum
341 1688 411 1715 ore
435 1673 527 1716 alio.
554 1689 637 1716 non
662 1688 782 1716 secus
808 1673 851 1715 in
875 1674 983 1731 iugis

60 1776 270 1819 exsomnis
296 1782 434 1833 stupet
457 1776 602 1828 Evias,

117 1839 310 1882 Hebrum
333 1840 590 1896 prospiciens
616 1847 656 1882 et
679 1841 774 1883 nive
800 1841 1015 1883 candidam

65 1897 256 1945 Thracen
281 1918 329 1945 ac
351 1903 458 1959 pede
481 1902 659 1945 barbaro

115 1966 332 2008 lustratam
355 1965 608 2022 Rhodopen,
633 1972 680 2008 ut
703 1966 804 2008 mihi
829 1967 949 2009 devio

59 2070 170 2125 ripas
195 2075 236 2111 et
259 2084 438 2111 vacuum
462 2084 610 2112 nemus

116 2132 255 2174 mirari
278 2132 396 2174 libet!
423 2148 447 2175 o
471 2132 679 2175 Naiadum
703 2140 863 2188 potens,

60 2195 403 2250 Baccharumque
427 2196 654 2238 valentium

115 2273 307 2314 proceras
332 2258 524 2301 manibus
549 2267 707 2301 vertere
732 2259 930 2311 fraxinos,

58 2360 116 2402 nil
139 2376 315 2417 parvum
339 2368 410 2403 aut
433 2362 579 2404 humili
603 2364 739 2414 modo,

115 2422 174 2465 nil
196 2423 368 2466 mortale
391 2424 548 2480 loquar.
575 2425 695 2468 dulce
718 2428 948 2483 periculum
973 2436 1048 2478 est,

60 2500 85 2528 o
107 2486 298 2538 Lenaee,
324 2488 442 2542 sequi
466 2488 590 2530 deum

117 2548 351 2606 cingentem
376 2550 496 2593 viridi
520 2558 707 2608 tempora
731 2554 938 2610 pampino.

1241 185 1295 232 75

1318 504 1361 536 60

1312 1856 1354 1887 10

1312 2213 1352 2244 15

1308 2566 1350 2597 20
