1500 2820
338 210 547 255 CARMEN
567 210 844 250 SECULARE.

35 302 69 316 “
113 321 256 366 fertilis
281 320 451 379 frugum
471 318 718 377 pecorisque
741 317 886 362 Tellus

113 385 252 443 spicea
274 385 401 427 donet
426 382 622 429 Cererem
647 396 817 434 corona3

39 454 52 458 ‘⁷
110 448 291 492 nutriant
313 447 425 491 fetus
449 453 490 490 et
513 460 645 502 aquae
670 445 858 489 salubres

3 2739 63 2820 a

195 517 236 554 et
259 511 373 554 Iovis
397 525 534 553 aurae.

111 602 276 646 condito
299 601 411 645 mitis
434 601 706 658 placidusque
731 600 813 643 telo

111 665 320 723 supplices
344 665 442 708 audi
464 679 634 721 pueros,
659 663 835 720 Apoll03

111 729 294 773 siderum
315 729 462 786 regina
484 727 664 771 bicornis
689 727 800 778 audi,

193 793 338 843 Luna,
362 791 536 848 puellas.

109 879 246 922 Roma
268 878 304 921 si
326 883 511 921 vestrum
535 883 598 921 est
622 892 746 934 opus,
773 877 958 932 Iliaeque

110 943 207 986 litus
230 943 458 986 Etruscum
481 948 651 985 tenuere
676 949 848 992 turmae,

110 1007 225 1050 iussa
247 1020 344 1063 pars
368 1011 530 1048 mutare
553 1005 661 1048 lares
686 1011 728 1048 et
750 1004 898 1047 urbem

196 1069 352 1126 sospite
377 1084 513 1121 cursu,

111 1156 178 1199 cui
199 1171 275 1213 per
297 1156 510 1199 ardentem
535 1156 622 1199 sine
646 1155 793 1198 fraude
818 1155 987 1197 Troiam

112 1226 251 1262 castus
274 1218 444 1262 Aeneas
469 1219 626 1276 patriae
652 1225 863 1275 superstes

111 1282 287 1326 liberum
310 1282 486 1325 munivit
508 1283 604 1334 iter,
630 1282 802 1324 daturus

196 1345 316 1402 plura
338 1345 512 1389 relictis:

113 1431 173 1483 di,
197 1430 351 1488 probos
375 1446 512 1474 mores
536 1431 659 1474 docili
683 1431 889 1482 iuventae,

114 1494 175 1546 di,
201 1495 404 1538 senectuti
426 1495 614 1552 placidae
639 1495 833 1550 quietem,

114 1557 318 1601 Romulae
342 1558 458 1616 genti
480 1559 575 1602 date
598 1573 770 1614 remque
794 1558 1034 1616 prolemque

199 1627 241 1664 et
263 1621 391 1664 decus
415 1623 557 1666 omne!

115 1721 304 1763 quaeque
327 1722 404 1750 vos
427 1706 563 1751 bobus
588 1714 808 1750 veneratur
833 1707 939 1750 albis

116 1770 249 1813 clarus
272 1768 486 1813 Anchisae
508 1770 768 1826 Venerisque
794 1771 977 1828 sanguis,

115 1833 324 1891 impetret,
350 1834 530 1877 bellante
553 1835 682 1890 prior,
707 1835 911 1877 iacentem

200 1895 305 1939 lenis
328 1897 373 1938 in
395 1896 577 1939 hostem!

115 1983 198 2024 iam
222 1982 327 2024 mari
351 1988 541 2037 terraque
564 1998 713 2025 manus
737 1989 927 2039 potentes

116 2044 271 2088 Medus
295 2044 567 2100 Albanasque
592 2046 707 2088 timet
731 2061 917 2097 secures3

116 2108 200 2150 iam
225 2106 408 2164 Scythae
431 2123 632 2164 responsa
655 2115 800 2165 petunt
825 2108 992 2165 superbi

202 2185 334 2227 nuper
358 2177 398 2212 et
421 2171 528 2213 Indi.

117 2255 202 2298 iam
224 2255 352 2298 Fides
378 2262 418 2298 et
441 2255 534 2298 Pax
557 2262 598 2299 et
620 2256 770 2300 Honos
793 2257 1018 2313 Pudorque

118 2319 279 2375 priscus
305 2325 345 2361 et
367 2319 557 2376 neglecta
580 2320 713 2362 redire
737 2319 883 2364 Virtus

121 2382 263 2432 audet,
289 2390 539 2439 apparetque
563 2383 684 2426 beata
707 2384 831 2441 pleno

207 2444 342 2501 Copia
365 2460 504 2488 cornu.

120 2545 255 2587 augur
277 2537 318 2572 et
340 2529 524 2587 fulgente
549 2532 723 2575 decorus
749 2547 847 2575 arcu

121 2591 317 2635 Phoebus
342 2600 617 2649 acceptusque
640 2610 793 2637 novem
821 2595 1032 2645 Camenis,

121 2655 194 2710 qui
218 2655 386 2697 salutari
409 2656 519 2698 levat
542 2664 628 2700 arte
653 2658 789 2700 fessos

205 2717 387 2774 corporis
411 2725 536 2770 artus,

1187 200 1264 246 101

1299 392 1342 424 30

1299 741 1342 773 35

1301 1078 1346 1109 40

1303 1442 1346 1473 45

1307 2122 1349 2152 55

1308 2459 1351 2490 60
