1500 2820
177 181 260 223 208
613 191 656 232 Q.
677 190 888 226 HORATH
907 189 1086 226 FLAOOI

175 293 414 349 pontificum
437 293 580 343 libros,
607 308 762 335 annosa
784 293 992 336 volumina
1015 299 1166 345 vatum,

176 355 331 397 dictitet
354 354 520 397 Albano
544 355 690 397 Musas
714 356 758 397 in
780 362 916 398 monte
939 356 1141 411 loquutas.

175 418 228 467 si,
254 417 350 471 quia
374 415 590 459 Gra-iorum
616 423 710 458 sunt
733 418 1016 472 antiquissima
1039 432 1225 472 quaeque

175 479 326 534 scripta
349 478 415 520 vel
438 479 608 534 optima,
633 479 808 521 Romani
830 486 1055 535 pensantur
1078 480 1220 522 eadem

108 553 150 583 30
175 541 391 596 scriptores
416 541 582 591 trutina,
607 556 689 583 non
713 548 775 583 est
799 543 909 595 quod
931 542 1060 583 multa
1081 541 1312 598 loquamur:

173 602 231 643 nil
253 603 359 644 intra
382 609 444 644 est
467 603 573 652 olea,
598 603 655 643 nil
679 610 793 644 extra
817 610 878 644 est
900 604 943 644 in
966 618 1069 645 nuce
1093 603 1201 654 duri3

173 664 359 705 venimus
384 663 436 705 ad
461 678 665 706 summum
689 665 892 714 fortunae,
918 665 1124 721 pingimus
1149 670 1270 719 atque

171 726 385 780 psallimus
410 733 450 767 et
472 726 673 767 luctamur
695 726 867 768 Achivis
893 727 1033 769 soitius
1058 726 1202 768 unctis.

175 787 210 829 si
233 787 399 829 meliora
423 788 528 837 dies,
554 794 598 829 ut
621 789 733 838 vina,
758 795 948 843 poemata
970 789 1114 839 reddit,

108 861 149 892 35
175 848 277 890 scire
301 849 422 890 velim
447 849 594 890 chartis
619 850 794 905 pretium
818 857 966 904 quotus
992 851 1161 906 adroget
1184 865 1328 892 annus.

177 910 346 965 scriptor
370 910 518 952 abhinc
542 925 669 952 annos
695 917 858 952 centum
882 911 952 965 qui
975 911 1142 962 decidit,
1167 912 1272 954 inter

173 971 377 1027 perfectos
402 979 640 1026 veteresque
664 972 807 1014 referri
831 973 951 1015 debet
975 989 1027 1015 an
1050 973 1155 1015 inter

174 1033 275 1075 viles
300 1039 421 1087 atque
445 1034 599 1075 novos?
623 1034 813 1076 excludat
835 1035 968 1090 iurgia
990 1034 1095 1077 finis.
1122 1060 1175 1065 —

176 1101 265 1146 „est
287 1102 404 1136 vetus
430 1102 550 1149 atque
574 1095 727 1150 probus
752 1102 915 1137 centum
939 1097 1010 1150 qui
1033 1096 1188 1151 perficit
1212 1099 1380 1139 annos.“
1406 1122 1458 1129 —

106 1170 150 1200 40
174 1156 296 1211 quid?
319 1156 390 1210 qui
413 1157 584 1211 deperiit
606 1157 737 1199 minor
760 1172 840 1199 uno
864 1172 1004 1199 mense
1028 1158 1094 1199 vel
1118 1173 1236 1208 anno,

174 1219 280 1260 inter
302 1233 405 1272 quos
430 1219 668 1262 referendus
694 1220 793 1261 erit?
815 1227 1026 1262 veteresne
1050 1226 1204 1276 poetas,

175 1297 227 1323 an
250 1295 353 1335 quos
378 1287 418 1323 et
440 1297 634 1337 praesens
659 1288 700 1324 et
722 1288 886 1338 postera
907 1290 1075 1338 respuat
1097 1281 1235 1324 aetas?
1257 1308 1311 1314 —

177 1344 279 1396 „iste
303 1344 468 1398 quidem
491 1352 648 1387 veteres
673 1346 777 1386 inter
798 1352 973 1401 ponetur
995 1345 1176 1395 honeste,

175 1406 246 1460 qui
269 1406 335 1447 vel
358 1421 499 1448 mense
523 1406 638 1448 brevi
661 1407 727 1448 vel
750 1414 835 1449 toto
859 1414 922 1449 est
944 1408 1077 1449 iunior
1100 1409 1246 1449 anno.“
1272 1432 1326 1438 —

109 1481 150 1512 45
173 1474 267 1510 utor
288 1468 507 1524 permisso,
533 1469 768 1523 caudaeque
791 1470 896 1525 pilos
921 1476 966 1511 ut
990 1469 1161 1524 equinae

173 1530 385 1586 paullatim
407 1531 514 1572 vello
538 1537 578 1572 et
602 1532 721 1574 demo
744 1547 890 1581 unum,
915 1533 1035 1574 demo
1061 1531 1183 1573 etiam
1206 1546 1348 1582 unum,

175 1593 274 1634 dum
298 1593 417 1634 cadat
440 1593 576 1634 elusus
600 1594 756 1635 ratione
780 1595 934 1635 ruentis
959 1594 1106 1643 acervi,

175 1655 246 1708 qui
268 1654 372 1696 redit
396 1655 448 1696 ad
471 1655 600 1696 fastos
626 1661 666 1696 et
688 1656 880 1696 virtutem
903 1655 1090 1697 aestimat
1113 1655 1228 1697 annis

174 1716 423 1770 miraturque
447 1716 547 1757 nihil
571 1717 650 1758 nisi
673 1717 782 1770 quod
805 1717 990 1758 Libitina
1014 1717 1200 1758 sacravit.

110 1791 153 1823 50
175 1777 338 1820 Ennius
364 1784 404 1819 et
429 1778 591 1833 sapiens
617 1784 657 1820 et
679 1779 796 1820 sortis
821 1786 861 1820 et
884 1779 985 1820 alter
1007 1779 1227 1829 Homerus,

174 1846 220 1880 ut
245 1839 372 1881 critici
395 1840 552 1890 dicunt,
578 1840 721 1882 leviter
744 1855 885 1882 curare
908 1841 1069 1882 videtur

176 1917 258 1955 quo
282 1902 483 1956 promissa
507 1903 655 1943 cadant
678 1908 718 1943 et
742 1903 900 1944 somnia
922 1901 1195 1958 Pythagorea.

175 1963 355 2005 Naevius
379 1964 422 2004 in
445 1964 633 2006 manibus
658 1979 742 2006 non
765 1970 828 2005 est
851 1970 891 2006 et
914 1964 1117 2006 mentibus
1141 1963 1280 2005 haeret

176 2039 306 2080 paene
330 2026 498 2066 recens?
521 2026 623 2067 adeo
649 2032 835 2067 sanctum
859 2032 922 2068 est
945 2031 1062 2067 vetus
1086 2040 1206 2068 omne
1229 2039 1387 2081 poema.

110 2101 152 2130 55
177 2087 398 2142 ambigitur
421 2088 580 2141 quoties
604 2093 695 2129 uter
716 2094 807 2129 utro
832 2088 883 2130 sit
906 2088 1032 2143 prior,
1059 2087 1192 2129 aufert

175 2148 383 2190 Pacuvius
408 2150 518 2190 docti
541 2149 693 2190 famam
719 2149 839 2200 senis,
864 2149 1020 2191 Accius
1045 2150 1127 2200 alti,

177 2211 323 2252 dicitur
345 2210 495 2252 Afrani
519 2217 616 2266 toga
639 2212 879 2253 convenisse
902 2211 1144 2261 Menandro,

176 2271 350 2313 Plautus
375 2272 428 2313 ad
452 2272 659 2327 exemplar
685 2271 814 2314 Siculi
836 2287 1054 2328 properare
1076 2272 1326 2328 Epicharmi,

176 2333 337 2374 vincere
364 2333 567 2375 Caecilius
591 2334 809 2390 gravitate,
835 2334 1051 2376 Terentius
1075 2340 1172 2376 arte.

112 2408 153 2438 60
177 2394 252 2436 hos
278 2394 422 2436 ediscit
446 2400 486 2435 et
508 2394 584 2436 hos
609 2401 696 2436 arto
722 2395 870 2450 stipata
893 2395 1049 2437 theatro

178 2463 334 2512 spectat
357 2457 489 2498 Roma
512 2463 676 2511 potens3
701 2457 824 2498 habet
846 2457 922 2499 hos
946 2462 1211 2511 numeratque
1233 2463 1376 2512 poetas

177 2519 230 2560 ad
252 2523 437 2559 nostrum
461 2524 621 2573 tempus
646 2519 745 2559 Livi
769 2519 976 2574 scriptoris
1001 2518 1052 2560 ab
1078 2533 1191 2560 aevo.

176 2580 380 2621 interdum
402 2579 551 2635 vulgus
575 2586 731 2621 rectum
754 2580 883 2630 videt,
909 2587 971 2621 est
995 2579 1065 2622 ubi
1086 2585 1242 2635 peccat.

179 2642 214 2683 si
237 2647 393 2683 veteres
417 2641 474 2682 ita
497 2641 666 2683 miratur
687 2641 907 2697 laudatque
931 2647 1086 2696 poetas,
