1500 2820
195 155 273 197 156
643 163 685 206 Q.
703 161 915 199 HORATII
935 161 1118 200 FLAGGI

192 281 300 309 nunc
324 281 422 323 ager
445 265 647 309 Umbreni
671 266 747 308 sub
770 267 951 317 nomine,
975 281 1106 322 nuper
1129 264 1257 309 Ofelli

193 329 343 380 dictus,
369 329 443 370 erit
465 328 566 370 nulli
587 329 792 384 proprius,
819 328 891 370 sed
915 328 1031 370 cedet
1052 328 1096 370 in
1117 342 1239 370 usum

107 404 168 434 135
192 405 319 440 nunc,
343 390 443 431 mihi
466 405 573 432 nunc
597 391 676 432 alii.
701 391 890 445 quocirca
913 390 1036 432 vivite
1060 389 1204 441 fortes,

192 452 391 506 fortiaque
415 452 596 494 adversis
622 452 812 507 opponite
834 458 999 508 pectora
1021 451 1183 494 rebus.“

685 612 919 651 SATIRA
947 613 1028 650 III.

195 698 264 741 Sic
287 714 378 740 raro
404 699 564 749 scribis,
590 705 634 740 ut
658 705 742 740 toto
765 714 847 741 non
870 706 1012 754 quater
1035 713 1140 741 anno

191 760 468 802 membranam
491 775 656 816 poscas,
684 761 924 816 scriptorum
947 775 1132 815 quaeque
1155 766 1359 811 retexens,

190 823 315 864 iratus
341 823 431 873 tibi,
457 823 566 877 quod
589 823 672 863 vini
697 823 910 877 somnique
933 823 1135 879 benignus

190 885 247 926 nil
271 885 440 940 dignum
465 899 650 926 sermone
675 899 809 926 canas.
835 885 932 938 quid
955 885 1047 925 fiet?
1070 884 1121 926 ab
1145 883 1245 940 ipsis

150 960 169 990 5
197 945 482 988 Saturnalibus
506 946 587 987 huc
610 946 771 1002 fugisti!
799 947 957 988 sobrius
983 961 1079 1002 ergo

193 1009 258 1049 dic
282 1009 433 1062 aliquid
458 1009 627 1064 dignum
650 1008 882 1064 promissis!
907 1008 1058 1064 incipe!
1084 1008 1141 1049 nil
1164 1014 1237 1050 est.

194 1071 408 1126 culpantur
430 1070 581 1112 frustra
605 1070 761 1121 calami,
787 1071 1090 1124 immeritusque
1119 1069 1274 1112 laborat

190 1132 302 1173 iratis
326 1138 446 1173 natus
470 1132 603 1187 paries
629 1132 690 1173 dis
715 1138 836 1186 atque
859 1132 1002 1187 poetis.

191 1194 303 1248 atqui
326 1194 462 1235 vultus
487 1200 572 1235 erat
595 1194 722 1236 multa
745 1201 784 1235 et
806 1195 1013 1250 praeclara
1036 1193 1238 1243 minantis,

127 1269 168 1300 10
193 1256 228 1297 si
251 1270 425 1297 vacuum
450 1256 586 1311 tepido
611 1257 786 1311 cepisset
808 1256 948 1297 villula
970 1262 1088 1297 tecto.

191 1333 386 1371 quorsum
409 1318 601 1372 pertinuit
626 1318 774 1373 stipare
797 1317 970 1359 Platona
993 1317 1238 1367 Menandro,

191 1379 390 1434 Eupolin‚
415 1378 727 1428 Archilochum,
753 1379 919 1420 comites
944 1380 1114 1420 educere
1138 1378 1296 1420 tantos?

192 1440 387 1482 invidiam
409 1440 570 1495 placare
594 1455 713 1495 paras
739 1441 885 1482 virtute
907 1440 1070 1482 relicta?

194 1508 468 1551 contemnere,
494 1501 634 1543 miser!
659 1502 824 1543 fitanda
849 1508 910 1543 est
933 1501 1118 1557 improba
1144 1500 1262 1544 Siren

129 1578 169 1609 15
194 1564 367 1614 desidia,
394 1570 464 1604 aut
488 1564 685 1618 quidquid
709 1564 792 1605 vita
816 1564 980 1605 meliore
1003 1564 1158 1619 parasti

191 1625 426 1681 ponendum
450 1640 580 1679 aequo
605 1626 751 1667 animo.
777 1651 830 1655 —
855 1626 896 1666 di
919 1632 971 1675 te,
995 1625 1267 1680 Damasippe,
1293 1624 1472 1678 deaeque

193 1702 336 1729 verum
361 1686 413 1729 ob
438 1687 651 1728 consilium
675 1687 825 1728 donent
849 1687 1028 1729 tonsorel
1055 1688 1127 1729 sed
1149 1687 1257 1728 unde

193 1756 276 1790 tam
301 1748 404 1790 bene
428 1764 493 1790 me
516 1749 648 1790 nosti?
671 1774 724 1779 -—
747 1756 964 1804 postquam
988 1749 1118 1791 omnis
1142 1763 1206 1791 res
1231 1763 1322 1790 mea
1343 1747 1489 1789 Ianum

193 1811 245 1852 ad
269 1812 447 1852 medium
473 1811 600 1852 fracta
625 1817 704 1862 est,
730 1811 861 1853 aliena
883 1811 1047 1867 negotia
1070 1826 1184 1861 curo,

125 1886 168 1918 20
193 1888 391 1915 excussus
415 1873 601 1929 propriis.
628 1873 723 1915 olim
747 1889 843 1914 nam
867 1887 1059 1927 quaerere
1083 1873 1289 1922 amabam,

192 1950 274 1990 quo
298 1935 414 1977 vafer
436 1935 503 1976 ille
526 1936 652 1990 pedes
676 1936 844 1977 lavisset
869 1934 1072 1991 Sisyphus
1097 1949 1207 1984 aere,

191 1997 291 2051 quid
315 1997 518 2052 sculptum
542 1997 718 2047 infabre,
744 1998 843 2051 quid
866 1997 1004 2039 fusum
1029 1996 1168 2038 durius
1192 2001 1312 2038 esset.

194 2058 364 2099 callidus
388 2058 484 2099 huic
509 2059 625 2114 signo
648 2058 852 2115 ponebam
876 2059 1002 2100 millia
1026 2064 1206 2108 centum3

194 2120 332 2161 hortos
358 2120 625 2175 egregiasque
650 2121 791 2162 domos
815 2121 1031 2162 mercarier
1052 2134 1159 2161 unus

125 2195 166 2226 25
193 2197 285 2224 cum
308 2182 421 2224 lucro
444 2197 603 2233 noram3
628 2183 736 2224 unde
760 2182 986 2237 frequentia
1009 2181 1253 2224 Mercuriale

191 2245 419 2300 imposuere
443 2245 543 2285 mihi
566 2259 793 2300 cognomen
817 2245 1004 2300 compita.
1029 2269 1083 2275 —-
1106 2243 1218 2294 novi,

192 2314 232 2348 et
254 2307 377 2348 miror
399 2306 530 2348 morbi
552 2314 771 2363 purgatum
795 2313 834 2348 te
857 2307 978 2348 iuius.
1003 2311 1059 2336 --⁴
1081 2306 1193 2360 atqui

192 2369 343 2410 emovit
365 2375 542 2410 veterem
565 2370 665 2411 mire
688 2384 838 2419 novus3
863 2375 907 2410 ut
931 2369 1046 2419 solet,
1070 2368 1113 2409 in
1136 2382 1205 2410 cor

193 2431 359 2472 traiecto
383 2431 519 2472 lateris
543 2431 682 2472 miseri
705 2431 900 2486 capitisve
924 2431 1079 2480 dolore,

125 2504 167 2535 30
190 2498 235 2533 ut
258 2491 503 2548 lethargicus
528 2493 594 2534 hic
618 2506 743 2547 quum
765 2492 811 2533 fit
833 2492 949 2548 pugil
972 2498 1012 2533 et
1034 2491 1237 2533 medicum
1261 2495 1389 2545 urget,
1413 2511 1467 2519 —-

191 2554 288 2595 dum
312 2568 363 2595 ne
388 2554 485 2608 quid
511 2554 641 2595 simile
664 2554 771 2604 huic,
798 2562 885 2595 esto
907 2560 954 2594 ut
976 2553 1087 2594 libet.
1111 2577 1166 2583 —
1190 2567 1215 2594 o
1238 2551 1360 2601 bone,
1385 2563 1437 2591 ne
1459 2555 1500 2590 te

191 2615 402 2657 frustrere:
426 2615 579 2658 insanis
606 2622 646 2658 et
668 2621 713 2657 tu
737 2615 928 2671 stultique
950 2629 1077 2672 prope
1101 2628 1261 2664 omnes,
