1546 2820
208 325 251 355 25

208 662 249 692 30

210 1746 251 1776 10

210 2083 250 2112 15

277 199 302 242 8

705 208 747 249 Q.
766 204 982 243 HORATII
998 203 1180 242 FLACCI

331 326 438 366 „quo
462 326 536 353 nos
563 325 735 365 eumque
758 310 862 352 feret
883 309 1024 351 melior
1047 309 1210 351 fortuna
1231 316 1410 366 parente,

383 373 551 422 ibimus,
577 388 601 414 ο
626 372 725 414 socii
748 372 1007 425 comitesque.

328 435 386 476 nil
409 435 707 490 desperandum
731 433 890 475 Teucro
914 434 1017 474 duce
1041 439 1081 474 et
1104 433 1268 488 auspice
1292 432 1470 484 Teucro3

385 502 518 538 certus
544 496 651 537 enim
674 495 860 550 promisit
883 494 1034 549 Apollo

329 585 562 641 ambiguam
586 585 727 626 tellure
750 599 858 626 nova
882 582 1092 626 Salamina
1114 583 1304 625 futuram.

385 662 408 688 o
433 648 557 688 fortes
581 646 801 702 peioraque
823 645 935 700 passi

327 724 489 751 mecum
513 723 634 763 saepe
658 708 749 758 viri,
775 722 882 748 nunc
905 707 998 748 vino
1021 706 1156 762 pellite
1180 720 1316 756 curas3

385 786 473 813 eras
497 771 642 825 ingens
666 769 901 811 iterabimus
925 771 1115 823 aequor.“

740 941 996 980 CARMEN
1024 939 1144 979 VIII.

682 1035 717 1067 A
748 1037 779 1067 D
843 1036 872 1066 L
904 1035 934 1066 Y
963 1035 995 1066 D
1025 1034 1043 1065 1
1076 1034 1110 1064 A
1139 1034 1195 1065 M.

383 1120 539 1175 Lydia,
565 1119 648 1169 dic,
673 1133 746 1174 per
769 1132 908 1160 omnes

440 1189 479 1222 te
503 1181 600 1222 deos
625 1195 713 1230 oro,
742 1179 918 1235 Sybarin
942 1193 1013 1220 cur
1035 1192 1225 1234 properes
1250 1177 1423 1219 amando

382 1243 551 1299 perdere
559 1258 570 1292 3
595 1256 667 1284 cur
690 1242 871 1297 apricum

440 1305 568 1346 oderit
592 1318 798 1359 campum,
822 1303 980 1358 patiens
1004 1301 1181 1357 pulveris
1206 1307 1327 1355 atque
1351 1300 1466 1350 solis3

384 1410 455 1436 cur
477 1409 608 1449 neque
632 1393 814 1435 militaris

440 1458 544 1498 inter
567 1455 756 1510 aequales
782 1454 950 1508 equitet,
978 1452 1136 1496 Gallica
1158 1467 1234 1494 nec
1257 1452 1404 1507 lupatis

384 1524 580 1573 temperet
602 1533 672 1559 ora
695 1517 845 1558 frenis?

441 1595 512 1621 our
535 1579 649 1620 timet
671 1579 822 1619 flavum
846 1577 1028 1619 Tiberim
1051 1575 1244 1632 tangere?
1266 1589 1338 1617 cur
1360 1574 1511 1615 olivum

390 1670 587 1726 sanguine
611 1668 792 1723 viperino

441 1731 597 1773 cautius
622 1731 740 1779 vitat,
765 1743 897 1783 neque
920 1729 1001 1770 iam
1024 1727 1148 1769 livida
1171 1733 1304 1783 gestat
1327 1726 1449 1768 armis

387 1793 570 1843 brachia,
596 1807 718 1848 saepe
742 1792 868 1841 diseo,

443 1869 564 1910 saepe
588 1860 698 1895 trans
723 1853 846 1894 finem
868 1851 1000 1894 iaculo
1023 1850 1169 1893 nobilis
1194 1850 1407 1906 expedito?

385 1946 484 1999 quid
506 1945 621 1994 latet,
646 1951 692 1985 ut
715 1943 892 1984 marinae

440 2007 567 2048 filium
591 2007 730 2048 dicunt
754 2004 939 2046 Thetidis
964 2002 1039 2045 sub
1063 2003 1275 2045 lacrimosa
1298 2001 1445 2042 Troiae

385 2069 546 2119 funera,
573 2083 623 2110 ne
646 2067 781 2109 viriles

440 2131 571 2172 cultus
595 2131 637 2171 in
661 2129 827 2171 caedem
851 2134 891 2169 et
913 2127 1066 2182 Lycias
1091 2125 1311 2181 proriperet
1335 2120 1538 2164 catervas?

759 2293 1014 2334 CARMEN
1043 2292 1124 2330 IX.

669 2389 742 2420 AD
780 2385 1216 2420 THALIARCHUM.

471 2473 619 2522 Vides,
644 2477 689 2512 ut
712 2471 794 2512 alta
817 2476 896 2511 stet
919 2469 1012 2510 nive
1035 2467 1252 2509 candidum

472 2536 658 2583 Soracte,
683 2547 758 2574 nec
780 2533 862 2573 iam
887 2531 1110 2573 sustineant
1133 2543 1236 2570 onus

525 2597 649 2638 silvae
674 2595 919 2643 laborantes,
943 2592 1119 2648 geluque

580 2657 746 2698 flumina,
769 2654 1019 2697 constiterint
1042 2658 1172 2693 acuto.
