1546 2820
449 138 722 177 GARMINUM
746 137 845 174 LIB.
865 137 894 174 Ι.

214 249 392 292 invicem
414 245 610 289 moechos
634 260 739 287 anus
764 249 1005 301 arrogantes

213 311 332 355 flebis
355 311 400 354 in
423 309 512 353 solo
534 308 638 351 levis
663 307 897 364 angiportu,

215 374 394 418 Thracio
417 372 647 416 bacchante
670 371 806 428 magis
832 369 910 413 sub
934 370 1059 412 inter-

298 437 413 480 lunia
435 441 578 486 vent03

214 545 343 586 quum
367 529 444 572 tibi
466 528 646 585 flagrans
671 541 788 569 amor
812 532 853 569 et
875 525 1016 576 libido,

215 608 322 650 quae
347 593 451 636 solet
473 598 627 634 matres
651 590 806 632 furiare
831 604 1045 645 equorum,

217 657 374 700 saeviet
397 655 506 698 circa
531 655 644 697 ieeur
667 653 913 704 ulcerosum,

299 735 384 763 non
407 719 496 762 sine
520 723 682 774 questu,

216 813 324 855 laeta
346 811 459 867 quod
481 810 614 867 pubes
639 809 793 852 hedera
817 809 964 851 virenti

215 875 396 932 gaudeat
418 874 534 931 pulla
556 873 691 929 magis
718 879 840 928 atque
865 877 1013 927 myrto,

218 938 354 981 aridas
378 937 548 980 frondes
572 936 720 978 hiemis
747 934 879 978 sodali

303 1001 465 1044 dedicet
488 999 650 1042 Hebro.

445 1175 707 1216 CARMEN
735 1173 901 1214 XXVI.

304 1272 374 1305 AD
399 1272 577 1306 MUSAM
600 1272 666 1304 DE
693 1269 845 1303 AELIO
869 1270 1045 1302 LAMJA.

217 1357 356 1400 Musis
380 1357 539 1400 amicus
563 1356 772 1399 tristitiam
796 1361 837 1398 et
860 1361 996 1397 metus

217 1421 378 1464 tradam
399 1420 604 1478 protervis
627 1419 673 1462 in
695 1434 809 1462 mare
835 1417 1047 1461 Creticum

273 1490 437 1540 portare
461 1483 615 1534 ventis,
641 1483 734 1538 quis
761 1482 838 1525 sub
862 1481 996 1524 Arcto

330 1562 404 1589 rex
428 1546 590 1604 gelidae
614 1552 823 1588 metuatur
846 1561 955 1597 orae,

219 1640 319 1695 quid
343 1639 572 1682 Tiridatem
596 1644 766 1689 terreat,
791 1638 913 1679 unice

220 1717 402 1745 securus.
429 1717 472 1753 o,
498 1717 605 1757 quae
629 1701 814 1744 fontibus
839 1701 1012 1757 integris

278 1765 456 1822 gaudes,
482 1765 643 1821 apricos
668 1771 787 1806 necte
811 1764 948 1814 flores,

333 1835 453 1871 necte
477 1843 570 1870 meo
594 1828 772 1870 Lamiae
797 1841 1005 1877 coronam,

228 1914 418 1971 Pimplea
442 1914 594 1956 duleis:
620 1913 679 1955 nil
703 1914 792 1956 sine
817 1919 858 1955 te
882 1912 965 1955 mei

220 1985 394 2034 prosunt
416 1977 595 2020 honores
603 1994 615 2028 3
640 1977 751 2019 hunc
774 1976 927 2019 fidibus
951 1975 1086 2026 novis,

280 2040 391 2082 hunc
415 2040 574 2083 Lesbio
601 2054 762 2082 sacrare
786 2039 943 2096 plectro

337 2111 459 2158 teque
483 2110 660 2159 tuasque
685 2103 803 2146 decet
829 2117 1004 2145 sorores.

438 2278 700 2318 CARMEN
730 2278 918 2318 XXVII.

415 2374 449 2406 A
474 2375 506 2407 D
569 2375 592 2407 s
621 2374 650 2407 o
677 2376 710 2407 D
737 2374 771 2407 A
797 2376 827 2407 L
853 2375 883 2407 E
913 2375 959 2407 s.

199 2457 318 2501 Natis
341 2459 384 2500 in
408 2474 531 2502 usum
555 2460 734 2502 laetitiae
760 2460 929 2516 scyphis

201 2536 385 2578 pugnare
409 2522 620 2565 Thracum
645 2530 726 2565 est:
751 2523 882 2565 tollite
905 2522 1128 2565 barbarum

259 2599 433 2637 morem,
458 2587 820 2641 verecundumque
845 2586 1061 2628 Bacchum

317 2649 553 2706 sanguineis
577 2650 792 2706 prohibete
816 2649 929 2692 rixis.

1293 124 1348 171 21

1380 316 1423 350 10

1390 1985 1434 2020 10
