1500 2820
149 438 189 468 15

145 745 188 776 20

146 1055 187 1086 25

145 1364 186 1395 30

145 1673 187 1704 35

144 1983 187 2014 40

145 2293 188 2322 45

147 2599 189 2631 50

224 190 302 232 144
649 199 691 241 Q.
710 197 923 234 HORATII
938 197 1122 235 FLACCI

213 301 280 343 hic
304 301 427 343 dabat
434 318 444 352 ;
470 301 639 343 heredes
664 309 970 343 monumentum
991 317 1044 343 ne
1069 308 1315 356 sequeretur.

214 377 322 404 nunc
344 363 438 405 licet
460 363 658 416 Esquiliis
682 363 865 405 habitare
890 362 1137 413 salubribus,
1161 369 1284 418 atque

213 439 364 480 aggere
386 425 429 465 in
453 425 589 479 aprico
614 425 795 479 spatiari,
822 439 901 478 quo
925 425 1047 466 modo
1070 424 1205 466 tristes

213 485 316 527 albis
341 485 559 527 informem
584 485 822 540 spectabant
848 485 1010 527 ossibus
1036 500 1199 541 agrum3

212 561 340 601 quum
362 547 462 588 mihi
485 562 566 588 non
590 554 746 588 tantum
770 547 963 600 furesque
987 547 1196 600 feraeque,
1222 551 1360 590 suetae

211 609 320 650 hunc
349 623 497 650 vexare
521 609 673 658 locum,
700 623 820 650 curae
846 615 940 650 sunt
963 615 1084 662 atque
1106 608 1248 659 labori,

212 676 409 724 quantum
433 670 677 712 carminibus
702 685 806 724 quae
829 677 994 711 versant
1017 677 1138 724 atque
1161 671 1327 712 venenis

210 732 410 774 humanos
435 733 603 774 animos.
629 732 703 773 has
728 732 839 773 nullo
863 732 1031 787 perdere
1053 746 1223 786 possum

211 809 287 836 nec
309 794 524 849 prohibere
548 794 688 844 modo,
716 794 836 835 simul
860 808 908 835 ac
930 809 1038 850 vaga
1059 793 1157 835 luna
1179 794 1372 835 decorum

211 856 380 911 protulit
404 870 468 906 os,
494 856 592 909 quin
617 870 712 897 ossa
734 855 874 910 legant
896 855 1126 908 herbasque
1148 861 1352 897 nocentes.

211 918 296 958 vidi
320 923 482 973 egomet
505 917 622 972 nigra
647 917 894 958 succinctam
917 917 1065 958 vadere
1087 916 1196 971 palla

213 977 429 1021 Canidiam
451 978 624 1033 pedibus
649 978 768 1019 nudis
793 992 998 1032 passoque
1022 978 1168 1033 capillo

213 1055 306 1082 cum
331 1039 498 1096 Sagana
521 1040 671 1081 maiore
695 1039 937 1090 ululantem3
961 1039 1091 1094 pallor
1112 1046 1306 1095 utrasque

210 1103 363 1144 fecerat
386 1102 609 1144 horrendas
634 1102 843 1157 adspectu.
870 1102 1051 1156 scalpere
1074 1107 1223 1143 terram

209 1165 416 1221 unguibus
442 1171 481 1206 et
502 1164 658 1219 pullam
681 1164 871 1205 divellere
895 1164 1098 1205 mordicus
1123 1179 1272 1220 agnam

211 1233 449 1282 coeperunt3
475 1241 592 1268 cruor
615 1226 658 1267 in
680 1225 836 1268 fossam
860 1225 1074 1275 confusus,
1099 1232 1145 1266 ut
1167 1226 1262 1267 inde

210 1289 358 1331 Manes
384 1290 590 1339 elicerent,
617 1289 772 1331 animas
796 1303 995 1344 responsa
1018 1289 1194 1330 daturas.

209 1351 328 1393 lanea
351 1358 390 1393 et
414 1351 572 1407 effigies
597 1356 699 1400 erat,
726 1350 852 1392 altera
876 1365 1009 1400 cerea3
1034 1350 1162 1392 maior

210 1413 346 1463 lanea,
372 1427 476 1466 quae
500 1413 642 1467 poenis
668 1419 943 1467 compesceret
965 1411 1196 1454 inferiorem
1204 1428 1215 1462 ;

211 1490 328 1516 cerea
352 1475 587 1529 suppliciter
611 1474 744 1516 stabat
769 1474 982 1516 servilibus
1007 1480 1132 1528 utque

210 1537 291 1578 iam
314 1537 492 1591 peritura
516 1537 659 1578 modis.
685 1536 871 1578 Hecaten
895 1542 1014 1577 vocat
1037 1536 1180 1585 altera,
1208 1550 1372 1577 saevam

211 1598 337 1639 altera
361 1598 632 1652 Tisiphonen3
659 1603 866 1652 serpentes
891 1603 1011 1651 atque
1035 1597 1194 1639 videres

210 1660 388 1702 infernas
414 1674 546 1701 errare
570 1674 710 1710 canes,
735 1659 954 1713 lunamque
978 1659 1202 1709 rubentem,

211 1737 262 1764 ne
285 1722 391 1764 foret
413 1722 476 1763 his
502 1722 635 1771 testis,
660 1727 755 1776 post
778 1736 928 1777 magna
950 1721 1074 1762 latere
1100 1721 1296 1776 sepulcra.

210 1785 383 1826 mentior
407 1790 447 1825 at
472 1785 507 1825 si
530 1784 646 1837 quid,
671 1784 822 1825 merdis
847 1789 969 1838 caput
991 1783 1178 1837 inquiner
1201 1782 1304 1824 albis

212 1861 443 1895 corvorum,
469 1852 590 1899 atque
614 1846 657 1886 in
679 1860 745 1887 me
768 1845 905 1886 veniat
928 1845 1096 1886 mictum
1120 1850 1240 1898 atque
1265 1850 1449 1886 cacatum

213 1907 339 1948 Iulius
365 1914 405 1948 et
429 1907 585 1963 fragilis
609 1907 796 1948 Pediatia
818 1907 965 1961 furque
988 1905 1191 1948 Voranus.

212 1969 374 2024 singula
397 1969 496 2023 quid
519 1969 765 2010 memorem?
789 1982 870 2022 quo
892 1974 1013 2023 pacto
1037 1967 1191 2009 alterna
1213 1967 1426 2021 loquentes

211 2031 378 2072 umbrae
403 2045 496 2072 cum
522 2028 689 2086 Sagana
710 2030 936 2072 resonarint
959 2030 1072 2071 triste
1096 2035 1136 2070 et
1159 2035 1335 2078 acutum,

211 2099 336 2146 utque
359 2092 445 2146 lupi
469 2092 638 2134 barbam
661 2093 796 2134 variae
821 2107 914 2134 cum
938 2092 1057 2133 dente
1081 2090 1271 2133 colubrae

212 2154 440 2196 abdiderint
462 2153 602 2195 furtim
626 2154 760 2204 terris,
786 2160 827 2195 et
848 2154 1026 2210 imagine
1050 2167 1167 2194 cerea

210 2216 361 2271 largior
384 2215 526 2256 arserit
548 2215 675 2271 ignis,
701 2222 740 2257 et
763 2222 809 2257 ut
831 2230 914 2257 non
936 2216 1051 2257 testis
1074 2215 1227 2256 inultus

213 2278 416 2320 obruerim
440 2292 560 2319 voces
584 2277 802 2319 Furiarum
825 2283 866 2318 et
888 2277 998 2319 facta
1020 2278 1203 2318 duarum.

213 2355 325 2389 nam,
352 2339 532 2394 displosa
557 2346 674 2381 sonat
697 2345 895 2394 quantum
917 2339 1072 2389 vesica,
1097 2339 1245 2394 pepedi

213 2401 372 2442 diffissa
394 2407 488 2442 nate
512 2401 614 2443 ficus
622 2418 633 2451 3
659 2407 700 2442 at
723 2401 815 2442 illae
840 2415 999 2442 currere
1021 2401 1065 2442 in
1086 2402 1241 2443 urbem.

215 2462 411 2506 Canidiae
435 2463 596 2511 dentes,
623 2463 749 2504 altum
774 2461 964 2518 Saganae
989 2463 1237 2504 caliendrum

214 2525 399 2566 excidere
423 2532 544 2578 atque
568 2525 714 2566 herbas
739 2531 860 2578 atque
883 2525 1088 2566 incantata
1109 2523 1269 2566 lacertis

214 2587 375 2628 vincula
398 2601 491 2628 cum
515 2601 663 2642 magno
687 2587 851 2640 risuque
875 2587 1045 2640 iocoque
1069 2586 1240 2628 videres.
