1592 2808
1319 3 1334 22 μ
1361 0 1367 18 ,τ
1378 0 1498 35 Jssffgrw
1504 0 1592 103 ἴτ’-εἲ

1579 110 1592 142 ·Ῑ”

134 244 300 279 xxvnl
636 250 687 278 ns
710 251 799 278 vrrA
823 252 871 278 nr
894 251 1054 279 scamus

132 325 191 361 nis
226 323 424 367 miscuerit,
486 325 561 359 uod
597 329 724 359 censet
751 336 832 360 esse
856 325 972 371 magis
991 325 1134 360 iuvabit
1151 325 1310 361 breviter
1328 324 1553 371 exposuisse,

132 369 431 415 ineptissimum.1
505 369 635 414 enique
649 369 757 404 etiam
770 381 834 404 nu·
859 370 958 415 quod
971 370 1022 405 ita
1047 370 1156 405 etiam
1181 370 1315 406 satirae
1327 370 1554 406 Horatianae

132 425 254 450 meros
273 413 408 448 Lucilii
426 417 467 447 ut
486 413 651 448 duriores
672 419 708 448 et
720 414 833 448 horri-
857 415 1083 459 praestantia
1096 414 1229 450 clarius
1241 415 1494 460 perspicietur.

133 460 256 494 diores
280 458 438 502 notavit,
463 459 561 493 unde
584 459 703 503 ipsum
726 462 835 493 vocat
890 459 1021 504 Itaque
1038 459 1193 505 primum
1206 459 1350 511 quidem
1362 463 1473 512 poeta
1482 459 1556 495 Ve-

133 505 256 538 durum
278 515 478 548 componere
501 515 632 544 versus,
662 514 834 538 numeros
857 503 1011 538 nusinus
1041 504 1187 539 omnino
1218 505 1310 538 illud
1343 504 1556 550 diligentius

133 551 256 584 autem
287 547 365 583 eius
389 547 588 582 arbitratur
616 549 833 593 incomposito
859 548 1556 594 exploratumhabuit,quorsumsatirae

131 594 214 641 pede
226 595 399 627 currere.²
422 591 645 644 Haecigitur
653 597 737 627 sunt
744 592 832 635 fere,
858 604 988 627 munus
1002 597 1039 628 et
1046 592 1209 628 officium
1221 593 1348 628 referri
1357 596 1555 638 oporteret.

134 648 229 684 quac
248 636 426 671 Horatius
444 636 483 671 in
502 637 621 671 satlris
634 637 768 672 Lucilii
781 648 834 671 re—
857 638 952 673 Nam
970 649 1081 683 quum
1100 638 1186 672 olim
1203 637 1297 672 fines
1309 637 1421 681 illius,
1433 638 1556 683 prouti

131 681 398 728 prehendenda
411 692 492 716 esse
507 681 692 716 iudicavit.
726 682 835 723 Quod
859 682 1031 728 antiquae
1051 686 1196 717 saturae
1215 686 1347 718 natura
1365 686 1403 717 et
1412 682 1556 717 indoles

158 726 279 761 uidem
286 725 458 760 iudicium
466 725 533 760 etsi
541 737 609 761 nec
617 727 834 771 aequalibus
858 727 1012 771 ferebat,
1021 728 1131 771 plane
1144 726 1275 762 incerti
1282 726 1407 779 vagati
1419 730 1555 771 essent,

131 738 290 815 Horatii,
310 774 438 821 utpote
457 774 621 805 veterum
643 774 835 815 poetarum
859 771 1262 817 tumHoratiusprimus
1271 771 1556 817 extitit,quiillos

132 826 256 851 amore
271 819 400 860 captis,
421 815 510 849 satis
523 816 717 860 probatum
732 819 799 859 est,
818 817 834 842 8
858 816 910 850 ita
921 816 1107 861 regundos
1126 827 1208 851 esse
1222 815 1292 851 sibi
1304 816 1556 860 persuaderet,

131 871 252 906 neque
289 859 506 901 Quintiliani
540 863 660 894 aetate
696 859 836 904 placuit
858 864 899 894 ut
911 860 1027 895 omnis
1041 860 1119 895 eius
1127 860 1182 895 vis
1194 860 1359 913 inprimis
1371 860 1410 895 in
1423 859 1558 895 descri-

133 905 341 948 omnibus,4
359 909 483 938 tamen
496 904 628 949 quibus
645 905 785 939 caussis
799 908 835 938 et
859 905 989 939 bendis
1008 905 1195 940 hominum
1212 905 1310 939 vltiis
1327 908 1365 940 et
1380 905 1558 950 perversi-

131 949 338 984 rationibus
363 949 512 992 nitatur,
532 948 642 983 facile
662 948 833 994 intelligi·
857 950 994 984 tatibus
1014 953 1296 994 expromeretur.
1335 950 1467 994 Itaque
1485 960 1558 984 ma-

131 998 202 1029 tur.
237 993 475 1028 Desideravit
493 993 588 1028 enim
601 993 778 1028 Horatius
796 994 833 1027 in
858 995 970 1029 teriae
984 994 1258 1039 amplitudinem
1277 997 1314 1030 et
1330 994 1557 1038 varietatem,

130 1038 277 1074 Lucilio
291 1039 438 1073 camele
469 1038 604 1072 antiam
618 1042 654 1073 et
665 1042 833 1073 venusta·
858 1050 967 1084 quam
997 1039 1083 1073 olim
1113 1039 1226 1074 satira
1255 1039 1446 1084 complexa
1467 1043 1557 1083 erat,

131 1087 449 1129 tem,quampostu
466 1094 528 1117 are
536 1083 832 1127 videreturprae-
857 1084 1056 1128 prudenter
1072 1084 1290 1128 temperavit
1306 1088 1344 1118 et
1362 1084 1409 1118 ad
1423 1087 1560 1118 certam

134 1129 249 1164 sentis
257 1127 389 1163 aetatis
397 1127 833 1162 humanitasGraecarum
859 1128 1041 1173 quandam
1059 1128 1219 1163 universi
1235 1128 1381 1163 ridiculi
1404 1128 1559 1162 formam

132 1174 335 1208 litterarum
366 1172 486 1206 studio
511 1172 611 1206 facta
640 1172 800 1216 politior.
818 1174 834 1198 5
858 1183 902 1206 ac
916 1173 1075 1217 speciem
1091 1172 1288 1217 restrinxit,
1309 1173 1409 1218 quod
1429 1183 1516 1207 sane
1535 1183 1559 1207 a

132 1218 227 1253 Nam
257 1217 357 1262 quod
385 1217 521 1251 dudum
551 1217 588 1250 in
619 1216 834 1262 eloquentia
860 1217 1110 1261 superioribus
1119 1217 1310 1252 satirarum
1319 1217 1558 1262 scriptoribus

131 1262 270 1297 factum
289 1265 379 1304 erat,
399 1265 440 1294 ut
453 1272 582 1295 cascae
603 1260 832 1306 antiquitatis
858 1262 1066 1307 neglectum
1088 1261 1219 1296 fuerat.
1261 1261 1335 1297 Sed
1357 1261 1430 1296 hoc
1449 1273 1559 1307 quum

131 1307 292 1342 incultus
311 1306 429 1340 cultus
454 1306 654 1350 aliquando
674 1305 833 1340 auferre·
858 1306 906 1341 ad
938 1306 1108 1341 satiricae
1143 1306 1351 1351 scriptionis
1379 1305 1558 1341 rationem

132 1356 193 1386 tur
205 1355 242 1386 et
255 1350 461 1395 elegantior
470 1350 646 1385 orationis
655 1350 774 1385 forma
787 1350 834 1384 ad
858 1351 1058 1395 prudenter
1074 1351 1336 1386 moderandam
1355 1351 1466 1396 longe
1480 1350 1558 1385 fue-

134 1396 361 1431 Graecorum
396 1395 600 1439 exemplum
640 1395 834 1430 emendata
858 1395 906 1429 rit
974 1395 1201 1439 avissimum,
1225 1399 1301 1429 tum
1324 1395 1433 1430 etiam
1458 1394 1559 1429 aliud

132 1445 382 1485 usurparetur,
403 1439 502 1485 quod
514 1439 651 1484 primus
669 1443 833 1474 tentasse
859 1439 921 1485 qui
961 1439 1128 1483 accessit,
1144 1439 1298 1485 quodad
1311 1439 1399 1474 artis
1412 1440 1560 1474 laudem

132 1486 279 1520 videtur
302 1485 351 1518 M.
370 1484 548 1519 Aemilius
571 1484 748 1528 Lepidus,
775 1495 834 1518 co·
859 1488 956 1519 certe
970 1495 1045 1519 non
1057 1484 1175 1518 minus
1189 1484 1314 1519 valuit.
1339 1484 1432 1519 Nam
1447 1495 1559 1529 quum

133 1530 306 1576 gnomine
325 1529 497 1571 Porcina,
519 1528 601 1563 Cos.
616 1540 647 1562 a.
661 1540 695 1563 u.
710 1539 740 1563 c.
758 1529 833 1562 617.
857 1529 928 1564 iam
940 1529 1105 1563 Lucilius
1123 1528 1261 1564 variam
1278 1528 1422 1563 ridendi
1434 1528 1561 1562 iocan-

134 1579 182 1621 (ν.
191 1573 304 1609 Cicer.
317 1573 419 1608 Brut.
429 1584 458 1608 c.
466 1573 519 1607 25.
528 1573 732 1608 etEllendt.
745 1573 833 1607 Pro·
859 1573 968 1618 dique
992 1573 1180 1608 materiam
1200 1573 1470 1619 quodammodo
1486 1573 1558 1607 dis-

133 1620 231 1664 legg.
244 1619 282 1653 in
290 1617 405 1653 Cicer.
413 1619 514 1652 Brut.
521 1617 736 1662 p.XXXIII
744 1619 833 1662 sq.);
859 1618 1034 1652 crevisset
1069 1621 1107 1652 et
1140 1618 1188 1652 ad
1224 1621 1343 1652 certos
1405 1618 1559 1652 uosdam

132 1664 230 1699 idem
248 1667 325 1698 tum
345 1663 383 1697 in
400 1663 505 1708 poesi
523 1663 654 1696 audaci
674 1673 760 1697 sane
775 1672 834 1696 co—
858 1664 961 1697 locos
985 1662 1251 1706 revocavisset,
1282 1666 1360 1696 tum
1422 1662 1558 1697 oratius

133 1712 224 1744 natu
237 1707 392 1753 primum
411 1707 550 1752 experti
570 1717 650 1742 esse
664 1707 835 1741 videntur
859 1707 1124 1751 sapientissime
1137 1707 1190 1741 ita
1200 1706 1369 1751 instituit,
1383 1711 1424 1741 ut
1437 1706 1558 1752 singu-

132 1753 198 1788 As.
211 1753 344 1796 Pollio,
358 1752 503 1795 Varius,
517 1751 695 1796 Virgilius
709 1755 747 1786 et
759 1751 833 1785 Ho-
858 1753 915 1786 lae
941 1751 1075 1786 satirae
1101 1763 1188 1786 suae
1211 1752 1250 1785 in
1274 1751 1429 1797 singulis
1453 1763 1559 1796 argu-

133 1797 261 1842 ratius,
282 1807 374 1842 quos
393 1807 477 1830 mox
490 1795 553 1830 alii
567 1796 713 1841 sequuti
733 1799 833 1839 sunt,
858 1796 988 1830 mentis
1038 1796 1265 1830 illustrandis
1315 1800 1560 1830 versarentur.

135 1842 244 1878 sicuti
261 1841 504 1887 probabiliter
522 1840 724 1885 disputavit
735 1840 834 1875 Wei-
860 1841 940 1882 Quo
954 1851 1027 1875 uno
1042 1841 1195 1875 maxime
1215 1841 1287 1875 hoc
1307 1843 1558 1886 consequutus
1589 1841 1592 1844 ⁴

135 1887 248 1922 chert.
272 1887 419 1921 Poetar.
436 1886 520 1920 Lat.
539 1885 633 1920 Rell.
651 1897 687 1930 p.
700 1885 766 1919 327
780 1895 833 1930 sq.
860 1890 927 1936 est²
946 1889 987 1919 ut
1005 1885 1152 1930 singula
1168 1886 1262 1920 haec
1278 1889 1450 1930 poemata
1466 1885 1504 1918 in
1519 1895 1558 1920 se

134 1931 383 1974 Quamobrem
397 1931 496 1983 quod
505 1940 596 1974 opus
609 1930 671 1965 ille
685 1929 834 1975 egregie
858 1930 948 1975 ips1s
963 1934 1088 1964 essent
1103 1929 1270 1974 perfecta
1288 1933 1398 1973 atque
1413 1929 1559 1975 singula

133 1975 395 2019 inchoavisset,
403 1974 745 2018 idemipseulterius
752 1985 834 2019 pro·
859 1974 947 2009 artis
961 1985 1074 2019 opera
1093 1974 1301 2009 existerent.
1335 1974 1458 2020 Atque
1478 1985 1558 2008 cum

133 2021 336 2067 fligandum
345 2019 483 2054 statuit.
506 2020 627 2065 Atque
636 2019 834 2063 hocipsum
859 2020 930 2053 hoc
943 2017 1098 2054 artificio
1107 2019 1216 2054 etiam
1229 2019 1375 2054 tertium
1408 2019 1558 2052 uiddam
1589 2050 1592 2061 ἰ

135 2066 207 2101 siei
221 2066 257 2100 in
271 2065 462 2099 satirarum
476 2064 674 2109 scriptione
682 2063 834 2098 arbitra-
860 2064 1045 2107 cohaeret,
1066 2064 1165 2109 quod
1185 2067 1297 2108 poeta
1315 2063 1387 2098 faci
1404 2074 1424 2098 e
1441 2062 1558 2107 pervi-
1589 2067 1592 2072 ⁴

133 2123 213 2146 mur
225 2110 378 2144 maxime
390 2109 506 2144 fuisse
550 2108 763 2153 repositum,
782 2108 834 2142 ni·
860 2108 913 2142 dit
925 2109 973 2142 ad
980 2108 1068 2142 artis
1080 2108 1249 2153 poeticae
1262 2108 1407 2142 laudem
1420 2108 1558 2142 velma-

133 2156 187 2191 hil
201 2166 289 2190 sane
303 2158 462 2188 statuere
478 2154 512 2188 vi
541 2165 652 2197 emur,
673 2154 773 2198 quod
786 2153 833 2187 ab
859 2153 951 2187 xime
989 2163 1070 2187 esse
1105 2153 1363 2187 necessarium.
1421 2150 1557 2187 Sedulo

133 2198 503 2246 ipsarerumveritate
511 2198 719 2232 abhorreat.
738 2198 834 2232 Vere
861 2197 955 2232 enim
968 2197 1076 2231 etiam
1095 2197 1186 2231 illud
1200 2197 1350 2240 curavit,
1369 2199 1411 2230 ut
1421 2195 1559 2230 unicui-

136 2245 233 2280 enim
246 2243 467 2279 contendere
486 2242 622 2286 licebit,
642 2241 835 2276 Horatium
860 2253 930 2287 que
944 2242 1096 2286 eclogae
1109 2242 1167 2276 vel
1177 2241 1333 2276 sermoni
1345 2240 1558 2286 principalis

134 2290 173 2325 in
191 2289 247 2324 his
272 2287 453 2333 poematis
473 2287 676 2322 scribendis
697 2296 835 2320 summa
860 2286 984 2331 aliqua
1003 2286 1188 2320 sententia
1201 2287 1259 2320 vel
1271 2286 1357 2321 idea
1373 2289 1558 2330 tamquam

136 2344 302 2385 quaeque
336 2332 559 2377 spectavisse
591 2335 700 2376 atque
735 2330 835 2365 felici
859 2330 1086 2365 fundamenti
1106 2331 1188 2364 loco
1203 2330 1369 2365 subiecta
1382 2335 1489 2373 esset,
1510 2329 1556 2364 ad

135 2378 273 2425 ingemi
286 2377 369 2412 nisu
383 2380 648 2422 consequutum
663 2386 754 2410 esse.
779 2375 835 2409 Ex
860 2386 968 2427 quam
991 2386 1100 2409 unam
1125 2375 1284 2419 denique
1309 2374 1429 2410 omnia
1442 2378 1555 2419 atque

137 2435 210 2470 quo
224 2424 311 2458 item
330 2423 467 2456 clarum
479 2421 522 2456 fit
534 2432 578 2455 ac
587 2420 832 2472 perspicuum,
861 2420 1006 2465 smgula
1023 2419 1248 2454 referrentur
1291 2430 1411 2464 uaque
1430 2418 1467 2452 id
1480 2417 1554 2453 effi-

137 2481 201 2504 cur
213 2467 428 2503 brevissimo
442 2470 615 2510 temporis
630 2464 748 2510 spatio
763 2475 835 2498 ma-
861 2467 1062 2515 ceretur3ut
1070 2463 1234 2509 quamvis
1246 2464 1273 2498 li
1303 2463 1452 2499 errimus
1461 2466 1553 2498 esset

136 2514 268 2548 ximam
292 2511 480 2547 facultatis
503 2510 673 2557 poeticae
692 2509 835 2544 laudem
860 2519 1036 2543 sermonis
1055 2508 1213 2542 instituti
1238 2518 1364 2543 cursus
1387 2507 1551 2542 maxima-

136 2558 207 2593 sibi
222 2556 496 2601 comparaverit.
524 2555 582 2590 De
596 2565 668 2600 qua
679 2565 717 2589 re
730 2557 834 2589 tanto
860 2563 931 2599 que
943 2553 1059 2598 ipsius
1077 2552 1248 2605 varietas,
1262 2555 1384 2588 tamen
1401 2551 1494 2586 nihil
1505 2555 1550 2587 te·

170 2618 185 2642 1
205 2615 261 2640 Sat.
275 2616 298 2640 1.
311 2616 352 2645 ιο,
366 2615 398 2640 20
410 2620 470 2646 sqq.
859 2609 957 2632 mere
965 2597 1225 2642 positum,nihil
1237 2601 1359 2643 mepte
1365 2597 1543 2631 intrusum

170 2652 186 2675 2
205 2649 262 2674 sat.
275 2649 298 2673 1.
311 2650 354 2674 1⁰·
366 2648 406 2673 ln·
419 2651 448 2672 et
458 2647 481 2672 1.
494 2648 519 2677 4,
533 2647 559 2672 8·
860 2642 951 2677 nihil
992 2642 1149 2687 denique
1189 2641 1458 2677 inconsiderate
1493 2640 1547 2675 ad·

171 2684 188 2742 ξ
205 2690 233 2707 v.
247 2683 303 2722 SM.·
317 2683 339 2740 It·
354 2682 395 2740 {Q
408 2681 497 2712 ⁸9¹⁵*
511 2681 547 2706 ¹¹·
560 2681 584 2706 ¹·
598 2681 650 2706 ¹-
659 2680 718 2705 ¹⁰⁰·
860 2688 994 2722 iectum
1012 2687 1207 2731 videretur,
1222 2686 1287 2721 sed
1300 2685 1422 2721 omnia
1434 2695 1546 2720 essen‘

172 2751 189 2777 5
205 2723 234 2776 ζζ
246 2716 343 2783 ἓξὲξ
349 2722 424 2780 11',⁰1‘‚
438 2749 470 2774 13
482 2754 542 2780 sqq,
862 2731 1112 2768 sollertissime
1127 2732 1174 2767 ad
1186 2741 1298 2767 unum
1310 2729 1415 2778 quasi
1422 2740 1545 2778 σοι-11111
