1500 2820
478 185 777 224 SATIRARUM
799 185 899 221 LIB.
921 183 972 221 H.
1323 172 1402 215 161

33 295 136 344 mbm
155 294 358 351 imperito,
383 308 433 336 30
457 294 494 335 si
517 293 584 335 cui
607 292 751 335 videor
774 306 858 334 non
881 290 1028 341 iustus,
1053 288 1184 331 inulto

49 349 182 405 &cere
206 357 318 412 quod
343 356 466 400 sentit
487 356 692 412 permitto.
718 380 773 386 —-
797 353 977 396 maxime
1000 367 1161 410 regum,
1435 359 1500 392 190

32 419 93 470 di
112 419 187 464 tibi
209 419 308 462 dent
332 424 454 475 capta
478 418 655 461 classem
679 417 883 460 deducere
908 415 1053 458 Troia!

32 495 146 540 crgo
170 482 383 525 consulere
407 487 449 523 et
471 496 571 523 mox
591 480 843 537 respondere
867 478 1032 521 licebit?
1055 503 1111 509 -—

32 544 226 591 consule.
251 569 307 576 —
332 559 406 587 cur
427 543 552 595 Aiax,
578 543 700 586 heros
727 541 780 585 ab
803 541 970 584 Achille
996 540 1217 591 secundus,

48 603 236 667 putescit,
261 607 383 650 toties
408 606 582 649 servatis
607 606 741 648 clarus
766 604 955 655 Achivis,

47 671 224 731 gaudeat
248 677 294 712 ut
316 669 496 742 populus
519 669 677 711 Priami
700 668 976 723 Priamusque
999 667 1228 718 inhumato,
1430 678 1495 710 195

48 747 120 798 per
143 748 268 789 quem
292 739 352 776 tot
375 733 546 775 iuvenes
570 732 703 789 patrio
728 746 896 774 caruere
921 731 1136 787 sepulcro?
1159 756 1214 761 —

46 794 157 846 mille
181 796 320 839 ovium
343 796 515 838 insanus
539 795 661 837 morti
685 795 809 846 dedit,
834 794 1035 850 inclytum
1059 793 1215 836 Ulixen

49 865 90 902 et
110 858 353 901 Menelaum
375 873 460 900 11113
483 873 648 900 1110011111
673 872 717 900 30
742 857 929 900 occidere
954 857 1150 899 clamans
1176 882 1231 887 —

49 925 93 965 tu
115 936 244 977 quum
266 936 342 977 pro
365 920 495 963 vitula
519 920 665 963 statuis
691 920 855 962 dulcem
879 919 1034 961 Aulide
1058 926 1199 961 natam

49 991 141 1028 ante
165 999 256 1026 aras
283 984 527 1040 spargisque
551 983 662 1026 mola
685 989 821 1039 caput,
846 982 1047 1038 improbe,
1074 982 1196 1032 salsa,
1434 993 1500 1025 200

46 1053 204 1091 rectum
217 1046 343 1089 animi
356 1046 522 1089 servas?
534 1071 589 1077 -
603 1046 827 1102 quorsum?
840 1071 894 1077 —
907 1046 1079 1088 insanus
1094 1045 1194 1100 quid
1207 1045 1316 1087 enim
1330 1043 1444 1087 Aiax

46 1109 158 1161 fecit,
183 1124 312 1165 quum
336 1109 479 1152 stravit
502 1109 611 1152 ferro
634 1109 789 1165 pecus?
812 1108 1012 1151 abstinuit
1034 1108 1120 1150 vim

47 1187 176 1216 uxore
200 1179 242 1214 et
263 1178 408 1230 gnato:
434 1172 544 1214 mala
566 1172 696 1214 multa
718 1178 910 1228 precatus
935 1172 1097 1214 Atridis

47 1249 132 1278 non
153 1235 222 1278 ille
246 1241 318 1278 aut
341 1234 550 1277 Teucrum
573 1241 644 1277 aut
667 1235 805 1291 ipsum
828 1235 998 1278 violavit
1022 1234 1190 1277 Ulixen.
1217 1260 1272 1266 —

48 1311 192 1341 verum
216 1313 308 1355 ego,
332 1305 380 1340 ut
402 1298 619 1340 haerentes
645 1299 820 1340 adverso
844 1298 962 1340 litore
986 1313 1114 1341 naves
1435 1310 1500 1343 205

49 1361 261 1417 eriperem,
284 1361 467 1417 prudens
491 1360 655 1418 placavi
679 1361 882 1417 sanguine
907 1361 1039 1404 divos.
1064 1386 1119 1392 —

47 1437 196 1480 nempe
211 1429 295 1474 tuo,
315 1423 483 1466 furiose.
509 1448 564 1454 —
587 1438 694 1475 meo,
721 1424 796 1466 sed
818 1439 903 1466 non
925 1424 1123 1467 furiosus.
1149 1448 1204 1455 —-

0 1491 2 1508 ³
46 1487 120 1542 qui
143 1487 302 1544 species
327 1486 428 1529 alias
452 1487 539 1529 veri
564 1487 814 1542 scelerisque
837 1487 1018 1530 tumultu

38 1549 272 1606 >permixtas
297 1550 444 1606 capiet,
469 1556 700 1592 commotus
724 1549 957 1602 habebitur,
983 1557 1108 1606 atque

50 1612 273 1656 stultitiane
297 1619 402 1656 erret
425 1613 599 1656 nihilum
623 1613 793 1657 distabit
817 1629 869 1656 an
892 1614 966 1657 ira.
1435 1626 1500 1659 210

48 1673 162 1718 Aiax
184 1690 312 1731 quum
335 1676 561 1719 immeritos
587 1677 748 1728 occidit,
774 1677 937 1733 desipit,
963 1692 1114 1734 agnos:

49 1751 178 1794 quum
199 1739 381 1795 prudens
407 1739 541 1782 scelus
566 1739 620 1782 ob
644 1740 784 1782 titulos
810 1740 992 1783 admittis
1017 1740 1176 1791 inanes,

51 1806 135 1844 stas
159 1801 323 1844 animo?
346 1807 387 1844 et
409 1817 559 1858 purum
584 1808 647 1845 est
670 1802 770 1845 vitio
794 1802 869 1845 tibi
892 1817 1021 1858 quum
1044 1803 1250 1845 tumidum
1274 1809 1338 1845 est
1361 1802 1457 1846 cor?

44 1863 87 1922 *si
108 1863 201 1919 quis
223 1863 370 1906 lectica
392 1864 564 1906 nitidam
587 1871 752 1921 gestare
776 1872 886 1907 amet
909 1881 1075 1922 agnam,

49 1925 146 1968 huic
167 1932 340 1978 vestem,
365 1933 412 1968 ut
435 1934 598 1983 gnatae,
623 1934 740 1984 paret
763 1927 946 1979 ancillas,
971 1935 1088 1984 paret
1112 1944 1272 1980 aurum,
1435 1942 1500 1974 215

49 1987 205 2031 Rufam
228 1996 300 2031 aut
322 1989 525 2032 Pusillam
550 1990 740 2046 appellet,
766 1990 944 2046 fortique
968 1992 1115 2034 marito

51 2050 228 2093 destinet
251 2067 434 2103 uxorem,
460 2053 677 2095 interdicto
702 2053 799 2096 huic
822 2068 944 2096 omne
969 2054 1124 2097 adimat
1146 2055 1211 2098 ius

50 2121 225 2170 praetor,
251 2121 291 2157 et
314 2115 369 2157 ad
393 2130 516 2158 sanos
540 2115 661 2158 abeat
684 2116 813 2158 tutela
835 2117 1102 2173 propinquos.

51 2176 174 2231 quid?
198 2178 234 2220 si
257 2178 349 2232 quis
374 2185 543 2234 gnatam
566 2194 641 2234 pro
665 2185 780 2222 muta
804 2180 980 2223 devovet
1004 2196 1126 2238 agna,

50 2238 210 2296 integer
233 2247 295 2282 est
319 2241 470 2283 animi?
498 2257 549 2284 ne
574 2243 739 2285 dixeris.
771 2258 870 2300 ergo
894 2243 965 2287 ubi
988 2259 1117 2300 prava
1436 2257 1500 2289 220

52 2302 235 2353 stultitia,
260 2303 328 2344 hic
352 2319 514 2346 summa
537 2311 601 2347 est
623 2305 800 2348 insania:
832 2306 904 2361 qui
928 2307 1165 2358 sceleratus,

53 2370 94 2406 et
116 2364 297 2408 furiosus
323 2366 417 2408 erit:
449 2382 572 2422 quem
596 2368 704 2424 cepit
729 2368 858 2411 vitrea
881 2369 1006 2421 sama,

51 2425 162 2470 1111110
185 2428 472 2471 circumtonuit
494 2431 681 2488 gaudens
705 2431 880 2474 Bellona
904 2433 1096 2476 cruentis.

51 2503 162 2533 nunc
185 2506 263 2547 age
287 2491 492 2535 luxuriam
516 2500 557 2536 et
579 2493 885 2536 Nomentanum
909 2496 1043 2552 arripe
1067 2510 1249 2539 mecum:

22 2563 26 2600 J
53 2551 188 2596 Vincet
212 2555 322 2596 enim
347 2555 493 2599 stultos
517 2557 621 2599 ratio
643 2557 824 2599 insanire
849 2565 1033 2613 nepotes.
1435 2571 1500 2605 225

19 2639 30 2654 .-
52 2613 120 2658 hic
143 2617 266 2659 simul
290 2619 449 2675 accepit
471 2620 691 2675 patrimoni
714 2619 826 2662 mille
850 2620 1016 2672 talenta,

0 2677 187 2820 {efficia
212 2680 392 2735 piscator
414 2681 488 2733 uti,
511 2683 735 2739 pomarius,
761 2697 928 2740 auceps,

44 2767 49 2789 3
120 2754 224 2785 Horati
214 2765 270 2786 ms·
674 2776 677 2778 <
1076 2758 1124 2795 11
