1500 2820
445 198 719 241 CARMINUM
743 201 840 239 LIB.
860 201 928 239 111.

470 380 732 422 OARMEN
760 381 905 421 XVII.

377 478 452 511 An
489 477 710 512 AELIUM
743 477 994 511 LAMIAM.

229 562 328 606 Aeli
351 568 515 606 vetusto
539 561 690 605 nobilis
715 562 768 605 ab
791 563 949 614 Lamo,
975 588 1030 594 —

229 627 395 682 quando
419 633 460 670 et
481 626 640 683 priores
664 626 762 669 hine
784 626 959 670 Lamias
983 626 1122 669 ferunt

284 690 568 733 denominatos
593 695 634 732 et
656 695 854 746 nepotum

339 767 415 810 per
437 767 640 796 memores
664 768 798 810 genus
823 768 946 796 omne
970 752 1122 804 fastos;

228 850 394 888 auctore
418 844 471 888 ab
494 844 566 888 illo
590 845 708 887 ducis
733 845 948 902 originem,

228 908 300 964 qui
322 908 583 951 Formiarum
607 909 772 951 moenia
797 908 946 951 dieitur

284 972 476 1029 princeps
502 978 544 1014 et
566 972 781 1016 innantem
803 972 990 1016 Maricae

338 1035 527 1078 litoribus
551 1036 735 1079 tenuisse
758 1036 895 1079 Lirim

226 1126 308 1170 late
332 1133 532 1184 tyrannus
557 1144 631 1179 —3
658 1143 749 1171 cras
774 1128 885 1172 foliis
910 1143 1058 1171 nemus

227 1189 367 1232 multis
392 1197 433 1233 et
457 1191 553 1248 alga
575 1191 673 1234 litus
698 1192 833 1234 inutili

283 1253 466 1296 demissa
489 1260 714 1311 tempestas
739 1254 792 1297 ab
816 1254 933 1297 Euro

339 1322 510 1369 sternet,
536 1332 668 1374 aquae
691 1318 772 1361 nisi
796 1318 902 1360 fallit
925 1333 1059 1376 augur

226 1425 384 1453 annosa
408 1411 562 1453 cornix,
589 1411 688 1453 dum
712 1411 841 1468 potis,
868 1411 1030 1453 aridum

149 1510 156 1515 .
224 1487 426 1530 compone
448 1474 628 1532 lignum3
654 1489 745 1517 oras
772 1473 953 1518 Genium
978 1490 1092 1517 mero

281 1536 444 1580 curabis
470 1543 511 1580 et
533 1553 659 1594 porco
684 1537 871 1581 bimestri

337 1614 432 1642 eum
456 1600 624 1644 famulis
649 1616 821 1658 operum
846 1601 1005 1645 solutis.

453 1781 714 1823 GARMEN
742 1783 908 1823 XVIII.

431 1879 524 1910 AD
583 1880 613 1911 F
638 1880 731 1914 An
758 1880 788 1912 N
816 1881 930 1913 UM.

221 1961 258 2003 F
259 1976 385 2013 aune,
410 1961 699 2019 Nympharum
722 1963 960 2021 fugientum
985 1970 1155 2015 amator,

223 2039 298 2080 per
321 2039 436 2067 meos
460 2025 565 2068 fines
590 2033 631 2069 et
655 2027 794 2083 aprica
817 2043 913 2070 rura

222 2087 326 2130 lenis
350 2088 520 2131 incedas
546 2089 754 2145 abeasque
777 2091 917 2147 parvis

308 2165 466 2206 aequus
492 2151 685 2204 alumnis,

223 2242 260 2283 si
283 2247 398 2284 tener
419 2243 543 2299 pleno
568 2244 678 2286 cadit
701 2244 860 2288 hoedus
885 2261 1008 2298 anno,

222 2303 339 2361 larga
361 2320 439 2348 nee
463 2306 613 2350 desunt
636 2307 812 2351 Veneris
838 2309 970 2351 sodali

222 2367 320 2410 vina
344 2375 543 2421 craterae,
569 2376 689 2414 vetus
715 2387 787 2414 ara
809 2372 941 2415 multo

307 2430 440 2474 fumat
462 2433 600 2476 odore.

224 2521 331 2564 ludit
355 2522 533 2567 herboso
556 2540 684 2582 pecus
711 2542 834 2568 omne
859 2542 1019 2584 campo,

223 2599 351 2639 quum
375 2586 450 2629 tibi
471 2587 618 2631 Nonae
639 2590 815 2632 redeunt
838 2589 1115 2643 Decembres;

222 2647 354 2690 festus
379 2649 422 2690 in
445 2651 573 2706 pratis
598 2660 718 2695 vacat
743 2653 876 2696 otioso

307 2725 402 2754 eum
426 2712 532 2755 bove
555 2728 711 2772 pag-1155

1313 191 1368 236 69

1394 1205 1436 1236 10

1394 1550 1434 1581 15

1389 2605 1430 2636 10
