1546 2820
236 165 291 208 24

170 350 214 384 10

172 687 214 717 15

158 2521 200 2553 10

672 177 714 220 Q.
734 177 946 215 HORATII
964 179 1143 216 FLACCI

457 279 601 322 doctus
627 281 795 337 sagittas
819 283 984 325 tendere
1009 282 1171 326 Sericas

456 356 553 383 arcu
575 343 768 397 paterno?
790 344 881 398 quis
905 353 1031 401 neget
1046 345 1186 387 arduis

510 419 658 460 pronos
682 405 810 448 relabi
830 420 954 462 posse
975 407 1086 449 rivos

565 466 770 509 montibus
795 473 835 509 et
861 467 1040 510 Tiberim
1063 470 1222 519 reverti,

453 570 580 610 quum
603 562 648 597 tu
671 564 850 599 coemtos
876 558 1054 612 undique
1077 558 1234 601 nobiles

453 617 576 660 libros
600 617 772 660 Panaeti
797 617 1048 661 Socraticam
1072 627 1112 662 et
1135 621 1299 663 domum

507 686 665 720 mutare
686 680 822 723 loricis
846 681 1027 732 Hiberis,

562 741 765 797 pollicitus
790 743 974 794 meliora,
999 744 1157 786 tendis?

686 913 1113 954 CARMENXXX.

636 1007 726 1039 AD
774 1009 1163 1041 VENEREM.

453 1087 492 1131 O
518 1088 680 1139 Venus,
705 1090 847 1146 regina
871 1090 994 1132 Cnidi
1015 1090 1242 1146 Paphique,

451 1166 595 1207 sperne
620 1152 810 1193 dilectam
835 1152 1022 1208 Cypron,
1047 1164 1088 1194 et
1111 1154 1293 1195 vocantis

450 1213 566 1255 thure
590 1219 629 1255 te
653 1214 781 1256 multo
807 1212 1009 1270 Glycerae
1033 1215 1221 1258 decoram

533 1275 707 1317 transfer
730 1275 773 1317 in
796 1277 952 1318 aedem.

449 1366 630 1408 fervidus
654 1372 788 1408 tecum
811 1381 913 1422 puer
936 1373 976 1408 et
999 1366 1141 1409 solutis

450 1426 616 1470 Gratiae
640 1429 754 1470 zonis
778 1434 1075 1484 properentque
1097 1428 1312 1484 Nymphae

448 1496 488 1532 et
510 1505 655 1545 parum
678 1491 804 1532 comis
830 1491 918 1533 sine
942 1497 981 1532 te
1005 1490 1198 1533 Iuventas

534 1553 859 1608 Mercuriusque.

670 1724 926 1764 CARMEN
954 1725 1120 1764 XXXI.

614 1819 697 1851 AD
738 1819 1175 1852 APOLLINEM.

447 1901 560 1955 Quid
583 1901 814 1944 dedicatum
837 1902 971 1958 poscit
992 1901 1229 1958 Apollinem

445 1964 584 2006 vates?
607 1964 707 2018 quid
729 1970 834 2014 orat,
861 1965 912 2006 de
935 1970 1075 2019 patera
1098 1978 1249 2005 novum

499 2026 675 2068 fundens
698 2026 921 2080 liquorem?
942 2041 1025 2068 non
1048 2026 1204 2081 opimas

558 2086 770 2130 Sardiniae
795 2093 953 2143 segetes
978 2087 1142 2137 feracis;

444 2192 526 2219 non
550 2183 763 2219 aestuosae
786 2183 903 2233 grata
928 2176 1142 2219 Calabriae

445 2245 644 2289 armenta3
668 2253 751 2280 non
774 2254 917 2280 aurum
941 2244 1011 2280 aut
1035 2238 1134 2280 ebur
1157 2237 1366 2288 Indicum3

499 2316 583 2343 non
604 2316 716 2350 rura,
741 2315 846 2354 quae
870 2300 981 2342 Liris
1005 2300 1142 2354 quieta

555 2362 712 2404 mordet
735 2377 859 2416 aqua,
884 2362 1106 2403 taciturnus
1130 2361 1273 2405 amnis.

444 2452 630 2502 premant
654 2445 809 2489 Calena
831 2446 954 2496 falce,
980 2445 1128 2500 quibus
1152 2445 1262 2487 dedit

444 2509 644 2558 Fortuna,
669 2509 813 2557 vitem,
837 2508 951 2550 dives
977 2514 1016 2548 et
1039 2508 1171 2549 aureis

499 2576 698 2612 mercator
721 2570 896 2612 exsiccet
920 2568 1079 2610 culullis

555 2633 650 2673 vina
676 2631 782 2687 Syra
805 2638 988 2687 reparata
1011 2645 1156 2681 merce,
