<?xml version="1.0" encoding="UTF-8"?>
<!DOCTYPE html PUBLIC "-//W3C//DTD XHTML 1.0 Transitional//EN"
    "http://www.w3.org/TR/xhtml1/DTD/xhtml1-transitional.dtd">
<html xmlns="http://www.w3.org/1999/xhtml" xml:lang="en" lang="en">
 <head>
  <title>
</title>
<meta http-equiv="Content-Type" content="text/html;charset=utf-8" />
  <meta name='ocr-system' content='tesseract 3.04.00' />
  <meta name='ocr-capabilities' content='ocr_page ocr_carea ocr_par ocr_line ocrx_word'/>
</head>
<body>
  <div class='ocr_page' id='page_1' title='image "./operaomni00horauoft_0160.png"; bbox 0 0 1500 2820; ppageno 0'>
   <div class='ocr_carea' id='block_1_1' title="bbox 205 205 259 247">
    <p class='ocr_par' dir='ltr' id='par_1_1' title="bbox 205 205 259 247">
     <span class='ocr_line' id='line_1_1' title="bbox 205 205 259 247; baseline 0 0"><span class='ocrx_word' id='word_1_1' title='bbox 205 205 259 247; x_wconf 80' lang='lat'>70</span> 
     </span>
    </p>
   </div>
   <div class='ocr_carea' id='block_1_2' title="bbox 140 454 180 484">
    <p class='ocr_par' dir='ltr' id='par_1_2' title="bbox 140 454 180 484">
     <span class='ocr_line' id='line_1_2' title="bbox 140 454 180 484; baseline -0.025 0"><span class='ocrx_word' id='word_1_2' title='bbox 140 454 180 484; x_wconf 77' lang='lat'>15</span> 
     </span>
    </p>
   </div>
   <div class='ocr_carea' id='block_1_3' title="bbox 142 1451 181 1481">
    <p class='ocr_par' dir='ltr' id='par_1_3' title="bbox 142 1451 181 1481">
     <span class='ocr_line' id='line_1_3' title="bbox 142 1451 181 1481; baseline 0 0"><span class='ocrx_word' id='word_1_3' title='bbox 142 1451 181 1481; x_wconf 92' lang='grc'>10</span> 
     </span>
    </p>
   </div>
   <div class='ocr_carea' id='block_1_4' title="bbox 140 1789 179 1819">
    <p class='ocr_par' dir='ltr' id='par_1_4' title="bbox 140 1789 179 1819">
     <span class='ocr_line' id='line_1_4' title="bbox 140 1789 179 1819; baseline 0.051 -2"><span class='ocrx_word' id='word_1_4' title='bbox 140 1789 179 1819; x_wconf 82' lang='lat'>15</span> 
     </span>
    </p>
   </div>
   <div class='ocr_carea' id='block_1_5' title="bbox 136 2124 178 2155">
    <p class='ocr_par' dir='ltr' id='par_1_5' title="bbox 136 2124 178 2155">
     <span class='ocr_line' id='line_1_5' title="bbox 136 2124 178 2155; baseline 0.024 -1"><span class='ocrx_word' id='word_1_5' title='bbox 136 2124 178 2155; x_wconf 82' lang='lat'>20</span> 
     </span>
    </p>
   </div>
   <div class='ocr_carea' id='block_1_6' title="bbox 135 2491 177 2522">
    <p class='ocr_par' dir='ltr' id='par_1_6' title="bbox 135 2491 177 2522">
     <span class='ocr_line' id='line_1_6' title="bbox 135 2491 177 2522; baseline -0.024 0"><span class='ocrx_word' id='word_1_6' title='bbox 135 2491 177 2522; x_wconf 82' lang='lat'>25</span> 
     </span>
    </p>
   </div>
   <div class='ocr_carea' id='block_1_7' title="bbox 898 0 1500 196">
    <p class='ocr_par' dir='ltr' id='par_1_7' title="bbox 898 0 1500 196">
     <span class='ocr_line' id='line_1_7' title="bbox 898 0 1500 196; baseline 0 2624"><span class='ocrx_word' id='word_1_7' title='bbox 898 0 1500 196; x_wconf 95' lang='lat' dir='ltr'> </span> 
     </span>
    </p>
   </div>
   <div class='ocr_carea' id='block_1_8' title="bbox 632 213 1104 256">
    <p class='ocr_par' dir='ltr' id='par_1_8' title="bbox 632 213 1104 256">
     <span class='ocr_line' id='line_1_8' title="bbox 632 213 1104 256; baseline 0.004 -8"><span class='ocrx_word' id='word_1_8' title='bbox 632 214 674 256; x_wconf 84' lang='lat' dir='ltr'>Q.</span> <span class='ocrx_word' id='word_1_9' title='bbox 693 213 908 249; x_wconf 86' lang='lat' dir='ltr'><strong>HORATII</strong></span> <span class='ocrx_word' id='word_1_10' title='bbox 925 213 1104 250; x_wconf 74' lang='lat' dir='ltr'>FLAOOI</span> 
     </span>
    </p>
   </div>
   <div class='ocr_carea' id='block_1_9' title="bbox 425 316 1217 557">
    <p class='ocr_par' dir='ltr' id='par_1_9' title="bbox 425 316 1169 373">
     <span class='ocr_line' id='line_1_9' title="bbox 425 316 1169 373; baseline 0.001 -15"><span class='ocrx_word' id='word_1_11' title='bbox 425 317 528 359; x_wconf 83' lang='lat' dir='ltr'>inter</span> <span class='ocrx_word' id='word_1_12' title='bbox 551 317 725 358; x_wconf 83' lang='lat' dir='ltr'>audaces</span> <span class='ocrx_word' id='word_1_13' title='bbox 748 316 868 371; x_wconf 86' lang='lat' dir='ltr'>lupus</span> <span class='ocrx_word' id='word_1_14' title='bbox 893 323 998 358; x_wconf 86' lang='lat' dir='ltr'>errat</span> <span class='ocrx_word' id='word_1_15' title='bbox 1021 332 1169 373; x_wconf 84' lang='lat' dir='ltr'>agnos3</span> 
     </span>
    </p>

    <p class='ocr_par' dir='ltr' id='par_1_10' title="bbox 428 378 1217 434">
     <span class='ocr_line' id='line_1_10' title="bbox 428 378 1217 434; baseline 0.003 -15"><span class='ocrx_word' id='word_1_16' title='bbox 428 379 583 434; x_wconf 80' lang='lat' dir='ltr'>spargit</span> <span class='ocrx_word' id='word_1_17' title='bbox 606 384 788 434; x_wconf 80' lang='lat' dir='ltr'>agrestes</span> <span class='ocrx_word' id='word_1_18' title='bbox 813 378 885 419; x_wconf 90' lang='lat' dir='ltr'>tibi</span> <span class='ocrx_word' id='word_1_19' title='bbox 909 379 1012 421; x_wconf 86' lang='lat' dir='ltr'>silva</span> <span class='ocrx_word' id='word_1_20' title='bbox 1033 379 1217 430; x_wconf 81' lang='lat' dir='ltr'>frondes;</span> 
     </span>
    </p>

    <p class='ocr_par' dir='ltr' id='par_1_11' title="bbox 426 440 1159 557">
     <span class='ocr_line' id='line_1_11' title="bbox 426 440 1159 495; baseline 0.004 -15"><span class='ocrx_word' id='word_1_21' title='bbox 426 440 578 495; x_wconf 83' lang='lat' dir='ltr'>gaudet</span> <span class='ocrx_word' id='word_1_22' title='bbox 601 440 774 482; x_wconf 87' lang='lat' dir='ltr'>invisam</span> <span class='ocrx_word' id='word_1_23' title='bbox 797 440 1002 495; x_wconf 75' lang='lat' dir='ltr'>pepulisse</span> <span class='ocrx_word' id='word_1_24' title='bbox 1025 441 1159 483; x_wconf 81' lang='lat' dir='ltr'>fossor</span> 
     </span>
     <span class='ocr_line' id='line_1_12' title="bbox 509 502 879 557; baseline 0.003 -15"><span class='ocrx_word' id='word_1_25' title='bbox 509 508 570 543; x_wconf 89' lang='lat' dir='ltr'>ter</span> <span class='ocrx_word' id='word_1_26' title='bbox 592 502 696 557; x_wconf 88' lang='lat' dir='ltr'>pede</span> <span class='ocrx_word' id='word_1_27' title='bbox 721 509 879 543; x_wconf 86' lang='lat' dir='ltr'>terram.</span> 
     </span>
    </p>
   </div>
   <div class='ocr_carea' id='block_1_10' title="bbox 581 651 1158 777">
    <p class='ocr_par' dir='ltr' id='par_1_12' title="bbox 581 651 1158 777">
     <span class='ocr_line' id='line_1_13' title="bbox 665 651 1072 690; baseline -0.005 0"><span class='ocrx_word' id='word_1_28' title='bbox 665 651 1072 690; x_wconf 84' lang='lat' dir='ltr'><strong>GARMENXIX.</strong></span> 
     </span>
     <span class='ocr_line' id='line_1_14' title="bbox 581 744 1158 777; baseline -0.002 -1"><span class='ocrx_word' id='word_1_29' title='bbox 581 745 670 776; x_wconf 86' lang='lat' dir='ltr'>AD</span> <span class='ocrx_word' id='word_1_30' title='bbox 720 744 1158 777; x_wconf 80' lang='lat' dir='ltr'><strong>TELEPHUM.</strong></span> 
     </span>
    </p>
   </div>
   <div class='ocr_carea' id='block_1_11' title="bbox 342 826 1242 1068">
    <p class='ocr_par' dir='ltr' id='par_1_13' title="bbox 343 826 948 880">
     <span class='ocr_line' id='line_1_15' title="bbox 343 826 948 880; baseline 0.002 -12"><span class='ocrx_word' id='word_1_31' title='bbox 343 827 551 880; x_wconf 85' lang='lat' dir='ltr'>Quantum</span> <span class='ocrx_word' id='word_1_32' title='bbox 575 828 697 869; x_wconf 85' lang='lat' dir='ltr'>distet</span> <span class='ocrx_word' id='word_1_33' title='bbox 720 826 771 869; x_wconf 86' lang='lat' dir='ltr'>ab</span> <span class='ocrx_word' id='word_1_34' title='bbox 795 826 948 869; x_wconf 87' lang='lat' dir='ltr'>Inacho</span> 
     </span>
    </p>

    <p class='ocr_par' dir='ltr' id='par_1_14' title="bbox 342 888 1242 1006">
     <span class='ocr_line' id='line_1_16' title="bbox 400 888 1242 944; baseline -0.001 -13"><span class='ocrx_word' id='word_1_35' title='bbox 400 888 560 931; x_wconf 81' lang='lat' dir='ltr'>Codrus</span> <span class='ocrx_word' id='word_1_36' title='bbox 584 904 656 944; x_wconf 93' lang='lat' dir='ltr'>pro</span> <span class='ocrx_word' id='word_1_37' title='bbox 679 889 811 944; x_wconf 86' lang='lat' dir='ltr'>patria</span> <span class='ocrx_word' id='word_1_38' title='bbox 832 903 915 929; x_wconf 88' lang='lat' dir='ltr'>non</span> <span class='ocrx_word' id='word_1_39' title='bbox 939 888 1103 930; x_wconf 84' lang='lat' dir='ltr'>timidus</span> <span class='ocrx_word' id='word_1_40' title='bbox 1128 890 1242 938; x_wconf 88' lang='lat' dir='ltr'>mori,</span> 
     </span>
     <span class='ocr_line' id='line_1_17' title="bbox 342 950 884 1006; baseline -0.004 -14"><span class='ocrx_word' id='word_1_41' title='bbox 342 967 499 1001; x_wconf 82' lang='lat' dir='ltr'>narras,</span> <span class='ocrx_word' id='word_1_42' title='bbox 526 958 566 992; x_wconf 87' lang='lat' dir='ltr'>et</span> <span class='ocrx_word' id='word_1_43' title='bbox 588 965 718 1006; x_wconf 87' lang='lat' dir='ltr'>genus</span> <span class='ocrx_word' id='word_1_44' title='bbox 743 950 884 999; x_wconf 84' lang='lat' dir='ltr'>Aeaci,</span> 
     </span>
    </p>

    <p class='ocr_par' dir='ltr' id='par_1_15' title="bbox 399 1011 1129 1068">
     <span class='ocr_line' id='line_1_18' title="bbox 399 1011 1129 1068; baseline 0 -15"><span class='ocrx_word' id='word_1_45' title='bbox 399 1019 438 1053; x_wconf 90' lang='lat' dir='ltr'>et</span> <span class='ocrx_word' id='word_1_46' title='bbox 460 1018 642 1068; x_wconf 82' lang='lat' dir='ltr'>pugnata</span> <span class='ocrx_word' id='word_1_47' title='bbox 666 1027 780 1054; x_wconf 89' lang='lat' dir='ltr'>sacro</span> <span class='ocrx_word' id='word_1_48' title='bbox 804 1011 911 1053; x_wconf 86' lang='lat' dir='ltr'>bella</span> <span class='ocrx_word' id='word_1_49' title='bbox 935 1011 1009 1054; x_wconf 89' lang='lat' dir='ltr'>sub</span> <span class='ocrx_word' id='word_1_50' title='bbox 1034 1012 1129 1053; x_wconf 89' lang='lat' dir='ltr'>Ilio:</span> 
     </span>
    </p>
   </div>
   <div class='ocr_carea' id='block_1_12' title="bbox 343 1101 1371 1343">
    <p class='ocr_par' dir='ltr' id='par_1_16' title="bbox 345 1101 1371 1218">
     <span class='ocr_line' id='line_1_19' title="bbox 345 1101 925 1157; baseline -0.003 -13"><span class='ocrx_word' id='word_1_51' title='bbox 345 1117 426 1156; x_wconf 87' lang='lat' dir='ltr'>quo</span> <span class='ocrx_word' id='word_1_52' title='bbox 452 1101 602 1144; x_wconf 90' lang='lat' dir='ltr'>Chium</span> <span class='ocrx_word' id='word_1_53' title='bbox 625 1103 753 1157; x_wconf 87' lang='lat' dir='ltr'>pretio</span> <span class='ocrx_word' id='word_1_54' title='bbox 778 1102 925 1143; x_wconf 87' lang='lat' dir='ltr'>cadum</span> 
     </span>
     <span class='ocr_line' id='line_1_20' title="bbox 397 1163 1371 1218; baseline -0.002 -13"><span class='ocrx_word' id='word_1_55' title='bbox 397 1178 639 1212; x_wconf 80' lang='lat' dir='ltr'>mercemur,</span> <span class='ocrx_word' id='word_1_56' title='bbox 665 1164 755 1217; x_wconf 87' lang='lat' dir='ltr'>quis</span> <span class='ocrx_word' id='word_1_57' title='bbox 780 1177 927 1216; x_wconf 87' lang='lat' dir='ltr'>aquam</span> <span class='ocrx_word' id='word_1_58' title='bbox 951 1168 1146 1217; x_wconf 86' lang='lat' dir='ltr'>temperet</span> <span class='ocrx_word' id='word_1_59' title='bbox 1168 1163 1344 1218; x_wconf 79' lang='lat' dir='ltr'>ignibus,</span> <span class='ocrx_word' id='word_1_60' title='bbox 1369 1180 1371 1182; x_wconf 88' lang='lat'>·</span> 
     </span>
    </p>

    <p class='ocr_par' dir='ltr' id='par_1_17' title="bbox 343 1225 1173 1343">
     <span class='ocr_line' id='line_1_21' title="bbox 343 1225 1066 1280; baseline -0.003 -14"><span class='ocrx_word' id='word_1_61' title='bbox 343 1239 423 1279; x_wconf 90' lang='lat' dir='ltr'>quo</span> <span class='ocrx_word' id='word_1_62' title='bbox 447 1225 665 1280; x_wconf 84' lang='lat' dir='ltr'>praebente</span> <span class='ocrx_word' id='word_1_63' title='bbox 689 1225 855 1266; x_wconf 89' lang='lat' dir='ltr'>domum</span> <span class='ocrx_word' id='word_1_64' title='bbox 880 1230 919 1265; x_wconf 89' lang='lat' dir='ltr'>et</span> <span class='ocrx_word' id='word_1_65' title='bbox 942 1230 1066 1278; x_wconf 85' lang='lat' dir='ltr'>quota</span> 
     </span>
     <span class='ocr_line' id='line_1_22' title="bbox 396 1285 1173 1343; baseline -0.001 -15"><span class='ocrx_word' id='word_1_66' title='bbox 396 1287 579 1343; x_wconf 84' lang='lat' dir='ltr'>Pelignis</span> <span class='ocrx_word' id='word_1_67' title='bbox 604 1301 764 1328; x_wconf 83' lang='lat' dir='ltr'>caream</span> <span class='ocrx_word' id='word_1_68' title='bbox 786 1285 1024 1342; x_wconf 78' lang='lat' dir='ltr'>frigoribus,</span> <span class='ocrx_word' id='word_1_69' title='bbox 1050 1292 1173 1327; x_wconf 88' lang='lat' dir='ltr'>taces.</span> 
     </span>
    </p>
   </div>
   <div class='ocr_carea' id='block_1_13' title="bbox 343 1377 1234 1618">
    <p class='ocr_par' dir='ltr' id='par_1_18' title="bbox 343 1377 925 1433">
     <span class='ocr_line' id='line_1_23' title="bbox 343 1377 925 1433; baseline 0 -15"><span class='ocrx_word' id='word_1_70' title='bbox 343 1377 395 1418; x_wconf 85' lang='lat' dir='ltr'>da</span> <span class='ocrx_word' id='word_1_71' title='bbox 419 1378 565 1419; x_wconf 87' lang='lat' dir='ltr'>Lunae</span> <span class='ocrx_word' id='word_1_72' title='bbox 588 1392 759 1433; x_wconf 85' lang='lat' dir='ltr'>propere</span> <span class='ocrx_word' id='word_1_73' title='bbox 782 1391 925 1426; x_wconf 86' lang='lat' dir='ltr'>novae,</span> 
     </span>
    </p>

    <p class='ocr_par' dir='ltr' id='par_1_19' title="bbox 345 1439 1234 1542">
     <span class='ocr_line' id='line_1_24' title="bbox 401 1439 1234 1495; baseline 0 -15"><span class='ocrx_word' id='word_1_74' title='bbox 401 1439 453 1480; x_wconf 85' lang='lat' dir='ltr'>da</span> <span class='ocrx_word' id='word_1_75' title='bbox 475 1439 604 1480; x_wconf 75' lang='lat' dir='ltr'>noctis</span> <span class='ocrx_word' id='word_1_76' title='bbox 629 1439 804 1488; x_wconf 85' lang='lat' dir='ltr'>mediae,</span> <span class='ocrx_word' id='word_1_77' title='bbox 830 1439 900 1488; x_wconf 82' lang='lat' dir='ltr'>da,</span> <span class='ocrx_word' id='word_1_78' title='bbox 924 1453 1044 1493; x_wconf 90' lang='lat' dir='ltr'>puer,</span> <span class='ocrx_word' id='word_1_79' title='bbox 1069 1439 1234 1495; x_wconf 82' lang='lat' dir='ltr'>auguris</span> 
     </span>
     <span class='ocr_line' id='line_1_25' title="bbox 345 1500 980 1542; baseline 0 0"><span class='ocrx_word' id='word_1_80' title='bbox 345 1500 561 1542; x_wconf 88' lang='lat' dir='ltr'>Murenae:</span> <span class='ocrx_word' id='word_1_81' title='bbox 586 1501 715 1542; x_wconf 86' lang='lat' dir='ltr'>tribus</span> <span class='ocrx_word' id='word_1_82' title='bbox 741 1507 810 1542; x_wconf 89' lang='lat' dir='ltr'>aut</span> <span class='ocrx_word' id='word_1_83' title='bbox 833 1515 980 1542; x_wconf 86' lang='lat' dir='ltr'>novem</span> 
     </span>
    </p>

    <p class='ocr_par' dir='ltr' id='par_1_20' title="bbox 397 1562 1227 1618">
     <span class='ocr_line' id='line_1_26' title="bbox 397 1562 1227 1618; baseline -0.001 -14"><span class='ocrx_word' id='word_1_84' title='bbox 397 1563 618 1604; x_wconf 81' lang='lat' dir='ltr'>miscentur</span> <span class='ocrx_word' id='word_1_85' title='bbox 641 1562 797 1618; x_wconf 85' lang='lat' dir='ltr'>cyathis</span> <span class='ocrx_word' id='word_1_86' title='bbox 821 1562 968 1618; x_wconf 86' lang='lat' dir='ltr'>pocula</span> <span class='ocrx_word' id='word_1_87' title='bbox 992 1562 1227 1604; x_wconf 88' lang='lat' dir='ltr'>commodis.</span> 
     </span>
    </p>
   </div>
   <div class='ocr_carea' id='block_1_14' title="bbox 343 1651 1159 1894">
    <p class='ocr_par' dir='ltr' id='par_1_21' title="bbox 343 1651 925 1707">
     <span class='ocr_line' id='line_1_27' title="bbox 343 1651 925 1707; baseline 0.002 -14"><span class='ocrx_word' id='word_1_88' title='bbox 343 1652 413 1707; x_wconf 84' lang='lat' dir='ltr'>qui</span> <span class='ocrx_word' id='word_1_89' title='bbox 436 1651 582 1694; x_wconf 84' lang='lat' dir='ltr'>Musas</span> <span class='ocrx_word' id='word_1_90' title='bbox 607 1658 716 1694; x_wconf 86' lang='lat' dir='ltr'>amat</span> <span class='ocrx_word' id='word_1_91' title='bbox 738 1652 925 1707; x_wconf 84' lang='lat' dir='ltr'>impares,</span> 
     </span>
    </p>

    <p class='ocr_par' dir='ltr' id='par_1_22' title="bbox 343 1714 1159 1831">
     <span class='ocr_line' id='line_1_28' title="bbox 398 1714 1159 1769; baseline 0 -14"><span class='ocrx_word' id='word_1_92' title='bbox 398 1720 532 1756; x_wconf 87' lang='lat' dir='ltr'>ternos</span> <span class='ocrx_word' id='word_1_93' title='bbox 558 1721 618 1755; x_wconf 89' lang='lat' dir='ltr'>ter</span> <span class='ocrx_word' id='word_1_94' title='bbox 641 1714 808 1769; x_wconf 80' lang='lat' dir='ltr'>cyathos</span> <span class='ocrx_word' id='word_1_95' title='bbox 832 1714 1025 1756; x_wconf 85' lang='lat' dir='ltr'>attonitus</span> <span class='ocrx_word' id='word_1_96' title='bbox 1049 1719 1159 1769; x_wconf 87' lang='lat' dir='ltr'>petet</span> 
     </span>
     <span class='ocr_line' id='line_1_29' title="bbox 343 1775 940 1831; baseline 0 -14"><span class='ocrx_word' id='word_1_97' title='bbox 343 1781 457 1817; x_wconf 88' lang='lat' dir='ltr'>vates</span> <span class='ocrx_word' id='word_1_98' title='bbox 465 1793 476 1825; x_wconf 89' lang='grc'>;</span> <span class='ocrx_word' id='word_1_99' title='bbox 502 1783 583 1817; x_wconf 86' lang='lat' dir='ltr'>tres</span> <span class='ocrx_word' id='word_1_100' title='bbox 606 1775 794 1831; x_wconf 87' lang='lat' dir='ltr'>prohibet</span> <span class='ocrx_word' id='word_1_101' title='bbox 817 1791 940 1830; x_wconf 83' lang='lat' dir='ltr'>supra</span> 
     </span>
    </p>

    <p class='ocr_par' dir='ltr' id='par_1_23' title="bbox 395 1835 1152 1894">
     <span class='ocr_line' id='line_1_30' title="bbox 395 1835 1152 1894; baseline -0.001 -15"><span class='ocrx_word' id='word_1_102' title='bbox 395 1838 574 1879; x_wconf 83' lang='lat' dir='ltr'>rixarum</span> <span class='ocrx_word' id='word_1_103' title='bbox 598 1845 782 1879; x_wconf 89' lang='lat' dir='ltr'>metuens</span> <span class='ocrx_word' id='word_1_104' title='bbox 806 1844 973 1894; x_wconf 85' lang='lat' dir='ltr'>tangere</span> <span class='ocrx_word' id='word_1_105' title='bbox 998 1835 1152 1887; x_wconf 86' lang='lat' dir='ltr'>Gratia,</span> 
     </span>
    </p>
   </div>
   <div class='ocr_carea' id='block_1_15' title="bbox 342 1927 1194 2168">
    <p class='ocr_par' dir='ltr' id='par_1_24' title="bbox 342 1927 866 1970">
     <span class='ocr_line' id='line_1_31' title="bbox 342 1927 866 1970; baseline 0 -1"><span class='ocrx_word' id='word_1_106' title='bbox 342 1927 463 1970; x_wconf 87' lang='lat' dir='ltr'>nudis</span> <span class='ocrx_word' id='word_1_107' title='bbox 486 1928 624 1969; x_wconf 87' lang='lat' dir='ltr'>iuncta</span> <span class='ocrx_word' id='word_1_108' title='bbox 647 1927 866 1969; x_wconf 86' lang='lat' dir='ltr'>sororibus.</span> 
     </span>
    </p>

    <p class='ocr_par' dir='ltr' id='par_1_25' title="bbox 344 1988 1111 2093">
     <span class='ocr_line' id='line_1_32' title="bbox 396 1988 1111 2044; baseline -0.001 -14"><span class='ocrx_word' id='word_1_109' title='bbox 396 1989 572 2031; x_wconf 88' lang='lat' dir='ltr'>insanire</span> <span class='ocrx_word' id='word_1_110' title='bbox 595 1989 725 2031; x_wconf 85' lang='lat' dir='ltr'>iuvat:</span> <span class='ocrx_word' id='word_1_111' title='bbox 751 2003 823 2030; x_wconf 88' lang='lat' dir='ltr'>cur</span> <span class='ocrx_word' id='word_1_112' title='bbox 844 1988 1111 2044; x_wconf 86' lang='lat' dir='ltr'>Berecyntiae</span> 
     </span>
     <span class='ocr_line' id='line_1_33' title="bbox 344 2051 863 2093; baseline -0.004 0"><span class='ocrx_word' id='word_1_113' title='bbox 344 2058 506 2093; x_wconf 86' lang='lat' dir='ltr'>cessant</span> <span class='ocrx_word' id='word_1_114' title='bbox 528 2051 693 2092; x_wconf 89' lang='lat' dir='ltr'>flamina</span> <span class='ocrx_word' id='word_1_115' title='bbox 715 2051 863 2093; x_wconf 85' lang='lat' dir='ltr'>tibiae?</span> 
     </span>
    </p>

    <p class='ocr_par' dir='ltr' id='par_1_26' title="bbox 397 2110 1194 2168">
     <span class='ocr_line' id='line_1_34' title="bbox 397 2110 1194 2168; baseline -0.004 -14"><span class='ocrx_word' id='word_1_116' title='bbox 397 2127 468 2154; x_wconf 88' lang='lat' dir='ltr'>cur</span> <span class='ocrx_word' id='word_1_117' title='bbox 490 2112 640 2168; x_wconf 85' lang='lat' dir='ltr'>pendet</span> <span class='ocrx_word' id='word_1_118' title='bbox 662 2113 784 2154; x_wconf 86' lang='lat' dir='ltr'>tacita</span> <span class='ocrx_word' id='word_1_119' title='bbox 806 2112 943 2154; x_wconf 89' lang='lat' dir='ltr'>fistula</span> <span class='ocrx_word' id='word_1_120' title='bbox 965 2126 1059 2153; x_wconf 93' lang='lat' dir='ltr'>cum</span> <span class='ocrx_word' id='word_1_121' title='bbox 1081 2110 1194 2166; x_wconf 77' lang='lat' dir='ltr'>lyra?</span> 
     </span>
    </p>
   </div>
   <div class='ocr_carea' id='block_1_16' title="bbox 340 2202 1158 2440">
    <p class='ocr_par' dir='ltr' id='par_1_27' title="bbox 340 2202 864 2258">
     <span class='ocr_line' id='line_1_35' title="bbox 340 2202 864 2258; baseline -0.002 -14"><span class='ocrx_word' id='word_1_122' title='bbox 340 2208 552 2258; x_wconf 86' lang='lat' dir='ltr'>parcentes</span> <span class='ocrx_word' id='word_1_123' title='bbox 577 2216 654 2258; x_wconf 86' lang='lat' dir='ltr'>ego</span> <span class='ocrx_word' id='word_1_124' title='bbox 678 2202 864 2243; x_wconf 85' lang='lat' dir='ltr'>dexteras</span> 
     </span>
    </p>

    <p class='ocr_par' dir='ltr' id='par_1_28' title="bbox 342 2262 1158 2380">
     <span class='ocr_line' id='line_1_36' title="bbox 397 2262 1158 2319; baseline -0.003 -13"><span class='ocrx_word' id='word_1_125' title='bbox 397 2265 482 2306; x_wconf 88' lang='lat' dir='ltr'>odi:</span> <span class='ocrx_word' id='word_1_126' title='bbox 509 2278 654 2319; x_wconf 85' lang='lat' dir='ltr'>sparge</span> <span class='ocrx_word' id='word_1_127' title='bbox 677 2279 811 2313; x_wconf 88' lang='lat' dir='ltr'>rosas;</span> <span class='ocrx_word' id='word_1_128' title='bbox 836 2263 973 2305; x_wconf 87' lang='lat' dir='ltr'>audiat</span> <span class='ocrx_word' id='word_1_129' title='bbox 996 2262 1158 2304; x_wconf 80' lang='lat' dir='ltr'>invidus</span> 
     </span>
     <span class='ocr_line' id='line_1_37' title="bbox 342 2325 987 2380; baseline -0.003 -12"><span class='ocrx_word' id='word_1_130' title='bbox 342 2326 573 2368; x_wconf 89' lang='lat' dir='ltr'>dementem</span> <span class='ocrx_word' id='word_1_131' title='bbox 596 2326 807 2380; x_wconf 86' lang='lat' dir='ltr'>strepitum</span> <span class='ocrx_word' id='word_1_132' title='bbox 831 2325 987 2379; x_wconf 88' lang='lat' dir='ltr'>Lycus,</span> 
     </span>
    </p>

    <p class='ocr_par' dir='ltr' id='par_1_29' title="bbox 397 2384 1140 2440">
     <span class='ocr_line' id='line_1_38' title="bbox 397 2384 1140 2440; baseline -0.003 -12"><span class='ocrx_word' id='word_1_133' title='bbox 397 2393 438 2428; x_wconf 86' lang='lat' dir='ltr'>et</span> <span class='ocrx_word' id='word_1_134' title='bbox 459 2387 594 2428; x_wconf 87' lang='lat' dir='ltr'>vicina</span> <span class='ocrx_word' id='word_1_135' title='bbox 618 2387 704 2428; x_wconf 87' lang='lat' dir='ltr'>seni</span> <span class='ocrx_word' id='word_1_136' title='bbox 727 2401 808 2428; x_wconf 87' lang='lat' dir='ltr'>non</span> <span class='ocrx_word' id='word_1_137' title='bbox 832 2386 978 2427; x_wconf 84' lang='lat' dir='ltr'>habilis</span> <span class='ocrx_word' id='word_1_138' title='bbox 1003 2384 1140 2440; x_wconf 86' lang='lat' dir='ltr'>Lyco!</span> 
     </span>
    </p>
   </div>
   <div class='ocr_carea' id='block_1_17' title="bbox 342 2476 1273 2717">
    <p class='ocr_par' dir='ltr' id='par_1_30' title="bbox 342 2476 886 2532">
     <span class='ocr_line' id='line_1_39' title="bbox 342 2476 886 2532; baseline -0.004 -14"><span class='ocrx_word' id='word_1_139' title='bbox 342 2476 475 2532; x_wconf 87' lang='lat' dir='ltr'>spissa</span> <span class='ocrx_word' id='word_1_140' title='bbox 498 2484 537 2517; x_wconf 87' lang='lat' dir='ltr'>te</span> <span class='ocrx_word' id='word_1_141' title='bbox 560 2476 733 2517; x_wconf 85' lang='lat' dir='ltr'>nitidum</span> <span class='ocrx_word' id='word_1_142' title='bbox 757 2490 886 2525; x_wconf 87' lang='lat' dir='ltr'>coma,</span> 
     </span>
    </p>

    <p class='ocr_par' dir='ltr' id='par_1_31' title="bbox 342 2535 1208 2655">
     <span class='ocr_line' id='line_1_40' title="bbox 394 2535 1208 2593; baseline -0.004 -14"><span class='ocrx_word' id='word_1_143' title='bbox 394 2553 496 2593; x_wconf 90' lang='lat' dir='ltr'>puro</span> <span class='ocrx_word' id='word_1_144' title='bbox 520 2545 559 2579; x_wconf 88' lang='lat' dir='ltr'>te</span> <span class='ocrx_word' id='word_1_145' title='bbox 585 2538 775 2587; x_wconf 88' lang='lat' dir='ltr'>similem,</span> <span class='ocrx_word' id='word_1_146' title='bbox 800 2537 999 2592; x_wconf 89' lang='lat' dir='ltr'>Telephe,</span> <span class='ocrx_word' id='word_1_147' title='bbox 1026 2535 1208 2591; x_wconf 83' lang='lat' dir='ltr'>Vespero</span> 
     </span>
     <span class='ocr_line' id='line_1_41' title="bbox 342 2600 891 2655; baseline -0.004 -13"><span class='ocrx_word' id='word_1_148' title='bbox 342 2600 582 2655; x_wconf 87' lang='lat' dir='ltr'>tempestiva</span> <span class='ocrx_word' id='word_1_149' title='bbox 604 2601 705 2654; x_wconf 84' lang='lat' dir='ltr'>petit</span> <span class='ocrx_word' id='word_1_150' title='bbox 727 2600 891 2649; x_wconf 77' lang='lat' dir='ltr'>Rhode3</span> 
     </span>
    </p>

    <p class='ocr_par' dir='ltr' id='par_1_32' title="bbox 395 2660 1273 2717">
     <span class='ocr_line' id='line_1_42' title="bbox 395 2660 1273 2717; baseline -0.005 -14"><span class='ocrx_word' id='word_1_151' title='bbox 395 2677 460 2703; x_wconf 87' lang='lat' dir='ltr'>me</span> <span class='ocrx_word' id='word_1_152' title='bbox 483 2662 616 2704; x_wconf 84' lang='lat' dir='ltr'>lentus</span> <span class='ocrx_word' id='word_1_153' title='bbox 643 2660 842 2717; x_wconf 88' lang='lat' dir='ltr'>Glycerae</span> <span class='ocrx_word' id='word_1_154' title='bbox 866 2667 988 2703; x_wconf 88' lang='lat' dir='ltr'>torret</span> <span class='ocrx_word' id='word_1_155' title='bbox 1012 2674 1125 2702; x_wconf 87' lang='lat' dir='ltr'>amor</span> <span class='ocrx_word' id='word_1_156' title='bbox 1147 2673 1273 2700; x_wconf 88' lang='lat' dir='ltr'>meae.</span> 
     </span>
    </p>
   </div>
  </div>
 </body>
</html>
