1592 2808
567 204 604 238 Q.
629 200 788 230 nom-m
809 195 950 225 mem
1398 180 1486 212 XLI

38 283 222 324 beneficia
243 283 343 318 ultro
369 280 442 316 sibi
466 279 514 315 ab
539 289 584 314 eo
604 277 745 320 oblata,
771 271 900 319 gilium
931 268 1123 305 sedentem
1151 263 1354 299 Maecenas
1383 269 1487 295 more

38 332 116 369 sive
129 329 231 378 quod
240 328 362 365 nollet
373 339 419 363 ex
432 325 650 370 cuiusquam
658 332 747 368 pen-
773 319 955 354 consueto
969 313 1125 350 adiisset
1137 310 1388 354 interrogans,
1399 303 1490 351 quid

39 378 127 414 dere
134 375 337 418 voluntate,
346 373 423 409 sive
433 371 519 418 quia
527 369 657 404 mallet
662 378 748 414 pro·
772 375 896 400 rerum
903 363 1090 408 ageretur,
1101 355 1298 392 subridens
1310 353 1375 388 ille
1384 364 1392 387 :
1406 351 1490 395 „Se-

0 447 1 450 =
38 423 129 470 priis
145 419 343 457 virtutibus
363 430 472 465 quam
490 416 613 452 aliena
626 412 750 461 gratia
773 411 834 445 deo
847 410 910 451 hic,
922 405 1054 452 inquit,
1064 405 1150 439 inter
1159 402 1323 437 lacrimas
1335 404 1366 433 et
1379 409 1438 432 sus
1462 396 1490 430 i-

41 473 79 506 et
94 467 221 504 favore
238 465 520 501 inclarescere.1
563 460 676 496 Cuius
695 458 750 493 rei
775 457 828 490 ria
835 459 878 497 ;“
893 453 1030 505 quippe
1044 450 1166 486 facete
1182 444 1400 492 significans
1454 452 1492 476 o-

41 512 333 552 luculentissima
365 513 494 546 extant
522 505 749 543 testimonia.
773 500 909 536 ratium
944 500 1102 543 lippum,
1139 494 1333 529 Maronem
1368 492 1495 524 autem

43 558 186 599 obtulit
204 558 302 595 enim
318 557 392 602 ipsi
408 555 620 601 Augustus,
651 555 750 586 teste
775 543 1083 582 meditabundum
1109 550 1205 576 esse.
1254 535 1366 580 Quod
1391 539 1494 570 certe

42 603 233 649 Suetonio,
253 603 495 650 epistolarum
509 598 691 641 officium,
710 599 753 631 ut
776 596 863 628 ante
890 603 922 626 a.
949 589 1026 625 735.
1051 588 1105 622 ita
1129 582 1310 622 acciderit
1337 590 1495 617 necesse

41 651 133 689 haee
144 650 194 687 ad
204 650 462 685 Maecenatem
473 642 751 693 perscripserit:
777 643 846 682 est,
856 637 994 684 quippe
1004 645 1078 680 quo
1088 627 1389 676 annoVirgilium
1398 637 1495 661 com-

41 699 150 742 ,μάνυε
166 697 238 742 ipse
255 694 468 742 sufficiebam
480 691 664 727 scribendis
683 689 752 734 epi·
777 688 924 731 pertum
960 681 1122 716 habetur
1157 677 1237 712 fato
1276 673 1497 709 defunctum

39 743 135 784 dolis
146 743 355 783 amicorum
374 750 464 774 nunc
475 736 753 782 occupatissimus
778 741 873 766 esse.
911 725 1084 773 Inprimis
1109 734 1198 759 vero
1218 724 1396 768 poemata
1415 717 1496 753 eius

39 797 71 828 a
81 787 433 836 infirma-§Horatium
445 789 598 819 nostrum
612 788 642 817 te
655 781 752 826 cupio
777 774 926 822 plurimi
941 770 1163 811 aestimavit,
1185 764 1499 815 quemadmodum

41 837 220 872 adducere.
263 834 376 870 Veniet
394 832 497 877 iyitur
516 829 559 863 ab
570 829 753 873 istapara-
778 823 877 858 inter
889 820 964 855 alia
977 818 1063 853 inde
1072 813 1305 860 intelligitur,
1342 807 1498 854 uodipsi

40 882 138 918 attica
149 892 267 915 mensa
280 880 326 914 ad
335 880 423 913 hanc
434 876 582 921 req-iam,
602 880 632 908 et
645 884 708 907 nos
720 872 755 906 in
779 868 818 902 in
835 866 936 902 ludis
957 861 1216 899 saecularibus
1231 870 1263 894 a.
1272 870 1307 892 u.
1339 855 1498 894 3726816-

41 927 226 963 scribendis
233 925 381 971 epistolis
389 921 595 957 adiuvabit.“
607 918 757 964 Sprevit
779 912 913 949 bratisl
929 908 1098 946 carminis
1109 904 1306 942 saecularis
1314 898 1500 949 pangendi

43 977 169 1008 tamen
192 975 306 1018 poeta
330 969 496 1004 oblatam
526 965 598 1001 sibi
630 962 755 999 condi-
780 958 975 1005 negotium
991 952 1183 990 mandavit
1207 955 1246 986 et
1270 949 1372 996 quod
1393 957 1501 994 quar-

44 1018 184 1054 tionem
231 1015 398 1063 quamvis
444 1010 756 1048 honestissimam.
782 1011 860 1041 tum
874 1004 1030 1040 odarum
1044 1001 1179 1035 librum
1198 997 1245 1032 ab
1259 996 1344 1042 ipso
1357 996 1502 1029 tantum

47 1064 156 1107 Quod
168 1063 231 1098 ille
245 1071 430 1108 generoso
450 1059 520 1093 viri
539 1057 661 1093 animo
675 1066 756 1101 per·
782 1062 859 1087 non
877 1047 1074 1095 flagitavit.
1109 1045 1243 1090 Neque
1269 1042 1308 1076 id
1332 1051 1410 1076 non
1436 1038 1502 1074 ob-

48 1113 177 1156 specto
197 1109 292 1143 adeo
311 1118 389 1142 non
407 1105 565 1140 moleste
584 1101 686 1146 tulit,
717 1103 760 1134 ut
784 1107 891 1133 scure
911 1097 1098 1130 testantur
1117 1100 1214 1136 quae
1240 1086 1392 1134 scripsit
1412 1083 1502 1120 Sue-

46 1166 130 1192 eum
143 1154 254 1190 etiam
266 1164 342 1188 una
355 1156 394 1188 et
405 1147 759 1187 alteraliberalitate
783 1143 910 1178 tonius
930 1140 969 1175 in
985 1139 1076 1176 Vita
1093 1134 1261 1172 Horatii:
1303 1137 1408 1179 „post
1432 1142 1504 1165 ser-

48 1196 602 1246 locupletaverit.Quamobrem
609 1193 643 1229 ei
651 1192 760 1229 etiam
785 1200 901 1224 mones
937 1188 1042 1222 lectos
1079 1183 1246 1230 quosdam
1280 1180 1418 1215 nullam
1452 1176 1507 1211 sui

49 1247 142 1282 haec
173 1245 368 1290 scripsisse
398 1246 586 1278 narratur:
629 1240 762 1283 „Sume
785 1235 986 1270 mentionem
998 1231 1147 1266 habitam
1163 1229 1212 1263 ita
1225 1232 1380 1274 questus.-
1405 1224 1506 1267 „ira-

49 1293 108 1327 tibi
124 1292 255 1338 aliquid
271 1291 358 1326 iuris
377 1290 471 1336 apud
489 1300 556 1330 me,
588 1292 762 1331 tamquam
787 1288 857 1316 tum
874 1291 927 1314 me
946 1278 1004 1313 tibi
1019 1277 1115 1318 scito,
1134 1275 1226 1321 quod
1243 1285 1313 1307 non
1330 1272 1367 1305 in
1380 1269 1506 1317 pleris-

47 1339 79 1373 εἰ
100 1338 273 1372 convictor
295 1336 376 1371 mihi
396 1335 514 1381 fureris,
544 1342 706 1379 quomam
728 1330 764 1364 zd
788 1339 852 1374 que
874 1324 1041 1360 eiusmodi
1061 1321 1196 1367 scriptis
1219 1329 1351 1353 mecum
1367 1315 1508 1362 potissi-

47 1395 131 1418 usus
147 1383 228 1418 mihi
244 1388 352 1417 tecum
367 1381 479 1422 volui,
503 1380 535 1414 si
549 1390 617 1424 per
634 1377 763 1411 valetu-
788 1384 880 1408 mum
900 1370 1066 1417 loquaris.
1102 1369 1161 1401 An
1183 1365 1329 1406 vereris,
1354 1375 1396 1397 ne
1415 1361 1509 1407 apud

49 1430 161 1464 dinem
179 1434 272 1463 tuam
287 1428 369 1475 fieri
383 1427 550 1473 potuisset
557 1427 597 1466 ;“
635 1426 672 1457 et
690 1421 765 1457 alia
786 1424 943 1465 posteros
963 1416 1022 1450 tibi
1037 1413 1167 1458 infame
1184 1413 1237 1452 sit,
1258 1410 1350 1457 quod
1361 1407 1510 1443 videaris

51 1473 347 1522 opportunitate:
373 1473 467 1518 „Tui
477 1472 613 1518 qualem
624 1468 764 1503 habeam
788 1463 976 1510 familiaris
994 1461 1091 1496 nobis
1109 1460 1230 1494 esse?“
1268 1456 1373 1497 Quae
1394 1452 1511 1489 verba

50 1519 258 1561 memoriam,
266 1520 397 1566 poteris
410 1517 619 1563 exSeptimio
633 1525 766 1561 quoque
791 1509 911 1546 critici
929 1508 1149 1558 plerumque
1170 1504 1216 1539 de
1237 1501 1360 1537 satiris
1373 1498 1510 1534 intelli—

51 1572 169 1602 nostro
193 1567 326 1602 audire.
363 1565 462 1600 Nam
485 1563 618 1605 incidit,
641 1566 678 1594 ut
702 1561 765 1594 illo
817 1560 976 1601 unt,nos
986 1554 1032 1589 de
1045 1549 1216 1598 epistolis
1229 1545 1511 1592 intelligimus‚2

53 1623 170 1648 coram
187 1612 285 1659 fieret
303 1624 326 1646 a
343 1623 396 1646 me
409 1611 459 1645 tui
469 1609 604 1644 mentio.
642 1607 767 1652 Neque
791 1569 838 1638 {e
858 1600 994 1648 quibus
1019 1609 1105 1633 mox
1123 1593 1334 1631 disserendi
1359 1590 1511 1627 occasio

52 1659 140 1694 enim
150 1658 182 1692 si
192 1664 228 1692 tu
239 1658 404 1703 superbus
416 1655 601 1691 amicitiam
612 1658 767 1687 nostram
793 1648 873 1684 erit.
904 1646 956 1681 At
968 1644 1139 1680 nimirum
1151 1645 1297 1677 tantum
1317 1637 1452 1682 abfuit,
1471 1641 1514 1672 ut

52 1704 224 1750 sprevisti,
247 1705 322 1738 ideo
335 1715 398 1737 nos
422 1713 555 1748 quoque
578 1698 769 1744 ἀνθυπερ-
793 1693 974 1729 Horatius
1012 1690 1161 1726 abiecta
1198 1685 1408 1722 humilitate
1437 1683 1513 1719 Au-

55 1751 300 1797 φρονοῦμεν.“
317 1749 422 1791 Quae
433 1747 558 1782 sivere
567 1742 767 1780 memoriae
794 1743 905 1786 gusto
926 1738 1155 1779 adularetur,
1181 1737 1224 1768 ut
1242 1733 1321 1767 iure
1341 1730 1416 1765 dici
1429 1741 1514 1776 pos-

55 1794 206 1841 prodita
231 1799 334 1840 sunt,
371 1794 469 1830 sieut
495 1803 584 1827 sane
609 1790 768 1833 videtur,
796 1786 854 1831 sit,
869 1796 953 1820 eum
966 1782 1167 1818 admodum
1182 1782 1332 1814 cautum
1344 1776 1463 1811 fuisse
1475 1775 1515 1810 in

57 1844 157 1893 certe
168 1851 246 1876 non
258 1844 372 1887 poeta
383 1836 609 1885 imperatori,
625 1835 692 1871 sed
704 1845 770 1879 po—
795 1831 971 1866 laudibus
980 1828 1060 1864 eius
1068 1823 1346 1873 praedicandis,
1366 1821 1514 1867 Quippe

56 1890 133 1938 §ms
143 1889 486 1938 imperatorpoetae
500 1883 674 1919 adulatus
688 1890 770 1916 esse
797 1876 954 1923 agnovit
976 1875 1106 1920 utique
1131 1872 1236 1906 iuxta
1267 1881 1350 1904 cum
1382 1867 1516 1903 ceteris

58 1931 214 1983 iudicari
233 1932 393 1968 debebit.
429 1931 509 1966 Nec
527 1939 614 1964 vero
636 1928 774 1962 desunt
799 1923 941 1958 civibus
968 1926 1006 1956 et
1031 1917 1279 1965 popularibus
1307 1914 1383 1950 suis
1408 1925 1515 1960 prae-

61 1977 136 2012 aha
153 1977 376 2013 documenta
388 1975 560 2012 Caesaris
580 1985 619 2010 er
648 1985 671 2008 a
690 1983 774 2007 eum
800 1969 902 2004 clara
936 1967 1038 2001 illius
1076 1965 1122 1999 de
1158 1961 1357 2015 republica
1385 1958 1519 1995 merita

61 2021 200 2057 favoris
218 2034 263 2058 ac
280 2021 578 2058 benevolentiae.
645 2030 704 2054 am
722 2017 774 2052 io·
798 2015 962 2060 ideoque
983 2023 1066 2047 eum
1090 2009 1207 2045 veluti
1230 2006 1381 2042 nomine
1400 2016 1518 2051 popu-

63 2071 170 2120 qatus
187 2069 251 2106 ille
271 2069 382 2105 etiam
400 2079 483 2103 cum
500 2067 584 2112 ipso
599 2069 658 2100 est
670 2063 775 2099 fami·
800 2059 933 2096 larium
947 2068 1098 2093 suorum
1116 2053 1279 2090 omnium
1301 2050 1517 2102 celebravit,

62 2113 270 2151 karissime.
293 2114 352 2150 Ita
365 2126 448 2150 eum
456 2112 613 2147 subinde
627 2109 777 2145 vocavit
802 2116 960 2152 quorum
974 2113 1106 2138 sensus
1125 2105 1164 2136 et
1181 2098 1321 2134 iudicia
1341 2101 1461 2141 certe,
1488 2108 1520 2131 s1

62 2161 317 2198 homuncionem
348 2160 604 2206 lepidissimum,
640 2159 679 2191 et
702 2154 777 2190 alia
800 2152 861 2188 vel
875 2162 920 2187 ea
932 2148 1220 2190 meminerimus,
1234 2155 1330 2191 quae
1344 2143 1456 2178 modo
1472 2142 1519 2177 de

65 2209 228 2255 quadam
240 2207 446 2243 etiamusus
456 2208 514 2240 est
521 2201 775 2249 appellatione
800 2197 1008 2233 honoribus
1021 2193 1196 2239 Augusto
1212 2191 1366 2237 publice
1379 2187 1519 2224 habitis

63 2266 244 2302 perquam
260 2251 446 2304 familiari,
471 2261 582 2296 quam
593 2248 718 2283 tristes
733 2257 777 2282 ac
802 2243 972 2289 exposita
982 2244 1079 2285 sunt,
1089 2236 1316 2274 carminibus
1325 2234 1402 2271 suis
1410 2245 1520 2280 quam

65 2300 334 2338 severimorum
346 2296 515 2343 magistri
530 2295 584 2330 sic
597 2295 777 2339 interpre·
801 2288 1018 2325 fidelissime
1044 2283 1275 2331 expressisse
1295 2280 1519 2317 iudicandus

64 2346 135 2401 tati
158 2350 260 2391 sunt,
295 2348 339 2380 ut
361 2341 614 2389 impudicitiae
640 2339 778 2375 crimen
803 2336 890 2380 erit3
915 2335 997 2380 ipse
1016 2336 1141 2367 autem
1161 2340 1244 2365 sese
1264 2338 1451 2374 nusquam
1471 2325 1520 2360 ad

64 2393 153 2428 inde
165 2394 397 2438 repeterent3
423 2400 519 2435 quae
529 2387 650 2434 qualis
665 2385 779 2421 fuerit
802 2381 952 2416 humilis
988 2376 1216 2415 adulationis
1251 2372 1521 2420 turpitudinem

67 2438 103 2492 ⁸³.
118 2438 183 2485 qui
202 2437 297 2473 scire
316 2439 470 2478 aveant,
495 2445 560 2469 eos
580 2434 627 2468 ad
648 2431 778 2467 Sueto·
802 2428 881 2463 ullo
895 2426 1008 2462 modo
1022 2423 1196 2460 abiecit.3

65 2495 167 2520 mum
178 2482 411 2519 remittimus.
435 2480 508 2515 Hic
520 2479 664 2514 iuvabit
677 2477 779 2513 aliud

67 2530 239 2567 {stul-isse
251 2524 706 2564 familiaritatisinteriorig
716 2524 779 2558 do-
837 2523 853 2548 1
872 2528 901 2547 v.
920 2520 976 2546 Dio
997 2518 1077 2545 Cass.
1091 2517 1166 2543 LIV.
1179 2517 1223 2542 18.
1243 2513 1394 2541 Censorin.
1412 2511 1457 2537 De
1477 2510 1522 2536 dle

69 2579 290 2612 omentum.
326 2573 447 2615 Quum
460 2572 557 2607 enim
569 2549 1330 2617 Augustum3251.saissa-‚Jzz’fflazt
1343 2545 1482 2573 mn.
1495 2546 1522 2570 ⁴·

69 2621 272 2668 aliquando
298 2619 396 2654 inter
419 2617 618 2653 Horatium
644 2620 682 2651 et
698 2614 780 2651 Vir·
839 2627 854 2651 2
874 2632 938 2650 cum
950 2622 1112 2648 Weicnerto
1125 2621 1220 2646 Μαι.
1228 2617 1367 2643 Venusin.
1381 2615 1522 2648 p.64sqq.

840 2661 856 2685 3
874 2666 902 2684 v.
911 2658 1028 2683 Weber:
1048 2651 1339 2682 uberdNerh'siltuiss
1352 2650 1478 2676 desHor.
1487 2656 1522 2673 zu

103 2704 118 2730 1
136 2704 259 2737 Egregie
272 2701 554 2727 defenditnoratium
567 2697 782 2725 adversushanc
807 2693 891 2720 Caes.
912 2692 1062 2719 Octavian.
1082 2691 1112 2716 ln
1129 2687 1230 2715 Jahn's
1247 2686 1366 2712 Archiv.
1382 2685 1431 2710 lx.
1446 2684 1523 2709 1843.

37 2738 52 2771 ζ’
73 2735 476 2765 ωωῆοιιεωἘι-..Ῐαοοῦει
495 2731 782 2760 VemiischteSchrif-
807 2729 909 2760 1³:286„
926 2724 1096 2752 Grotefend:
1110 2719 1525 2750 nonverhiiltnisszuAugusz

45 2763 49 2773 ἡ

27 2766 122 2808 ᾎΜιι
131 2773 165 2800 'l'-
175 2772 213 2800 V.
225 2772 312 2805 p.818
319 2778 380 2803 sqq.
393 2771 455 2797 sivo
466 2770 560 2796 Lacte.
568 2768 707 2795 venusin.
719 2765 782 2792 XV.
807 2764 838 2789 in
851 2761 1041 2788 Scheidewin.
1054 2758 1197 2790 Philolog.
1210 2756 1234 2782 1.
1247 2763 1277 2788 p.
1285 2755 1335 2781 143
1342 2760 1403 2787 sqq.
