1500 2820
436 189 714 230 OARMINUM
738 188 835 226 LIB.
855 190 922 228 IV.
1306 177 1360 221 89

164 298 257 355 quis
281 297 485 341 Parthum
507 302 676 354 paveat,
696 290 794 351 'quis
821 295 1003 353 gelidum
1031 293 1229 350 Scythen,
1387 306 1430 337 25

163 362 256 418 quis
283 359 510 405 Germania
532 374 638 415 quos
663 359 830 402 horrida
852 358 1027 415 parturit

162 425 292 476 fetus,
316 423 514 467 incolumi
539 422 747 465 Caesare?
771 422 864 477 quis
891 422 1002 464 ferae

248 487 404 530 bellum
428 493 542 529 curet
565 485 793 529 Hiberiae?

164 579 303 622 condit
327 578 503 634 quisque
528 577 639 620 diem
664 576 839 619 collibus
863 576 908 618 in
933 576 1032 627 suis,

164 649 205 686 et
228 643 355 685 vitem
378 642 526 685 viduas
552 641 666 683 ducit
690 641 744 683 ad
767 640 955 691 arbores3
1390 650 1432 682 30

163 706 260 748 hinc
285 706 339 748 ad
362 706 460 748 vina
483 705 589 747 redit
612 704 746 747 laetus
773 711 814 746 et
837 704 976 746 alteris

250 775 290 811 te
313 768 468 811 mensis
494 767 663 810 adhibet
687 768 833 818 deum3

166 866 207 903 te
229 859 362 902 multa
384 873 528 916 prece,
555 867 595 902 te
618 859 883 915 prosequitur
906 872 1020 900 mero

165 922 313 965 defuso
336 922 509 979 pateris,
537 928 577 965 et
600 921 784 964 Laribus
812 928 931 963 tuum

164 985 311 1029 miscet
334 1000 507 1036 numen,
533 986 594 1027 uti
620 983 798 1028 Graecia
823 983 1025 1035 Castoris,
1392 996 1434 1028 35

251 1055 291 1091 et
315 1049 457 1106 magni
481 1063 639 1091 memor
662 1047 872 1108 Herculis.

164 1140 311 1198 longas
336 1155 362 1183 o
386 1140 562 1191 utinam,
588 1139 674 1182 dux
697 1139 824 1190 bone,
851 1139 976 1181 ferias

163 1210 351 1261 praestes
376 1203 630 1260 Hesperiae!
657 1202 835 1245 dicimus
859 1203 1022 1259 integro

165 1266 265 1310 sicci
289 1281 410 1309 mane
434 1266 521 1317 die,
548 1266 724 1308 dicimns
749 1265 878 1316 uvidi,

250 1346 380 1388 quum
407 1331 469 1374 sol
495 1346 651 1374 oceano
679 1330 835 1373 subest.
1392 1342 1436 1374 4ο

491 1482 758 1524 CARMEN
788 1483 866 1522 VI.

204 1579 408 1614 HYMNUS
436 1580 505 1612 AD
531 1579 824 1613 APOLLINEM
848 1579 913 1611 ET
939 1578 1153 1612 DIANAM.

165 1663 297 1716 Dive,
322 1678 446 1720 quem
469 1664 607 1721 proles
632 1663 793 1708 Niobea
816 1678 996 1721 magnae

166 1726 371 1769 vindicem
393 1726 561 1784 linguae
586 1723 819 1784 Tityosque
842 1732 983 1783 raptor

167 1790 295 1832 sensit
319 1796 360 1833 et
384 1789 535 1832 Troiae
558 1805 688 1847 prope
713 1790 846 1832 victor
871 1790 977 1832 altae

249 1851 428 1895 Phthius
455 1851 658 1904 Achilles,

167 1944 313 1986 ceteris
339 1944 487 1995 maior,
516 1944 591 1987 tibi
615 1945 733 1987 miles
758 1945 904 1999 impar,
1394 1958 1413 1990 5

167 2006 276 2048 filius
301 2007 491 2062 quamvis
517 2007 719 2049 Thetidos
744 2007 929 2049 marinae

167 2069 389 2111 Dardanas
414 2075 546 2112 turres
571 2076 757 2125 quateret
782 2070 997 2112 tremenda

253 2132 425 2188 cuspide
447 2147 637 2189 pugnax:

167 2222 255 2274 ille,
279 2223 464 2265 mordaci
490 2223 604 2266 velut
626 2224 709 2266 icta
732 2224 842 2267 ferro

168 2285 290 2341 pinus
316 2291 387 2328 aut
410 2286 591 2342 impulsa
615 2301 838 2344 cupressus
863 2287 993 2337 Euro,
1396 2300 1438 2332 10

169 2348 344 2404 procidit
367 2349 450 2391 late
473 2350 696 2406 posuitque
721 2350 872 2393 collum
896 2351 938 2392 in

253 2411 424 2468 pulvere
449 2412 624 2456 Teucro.

170 2502 238 2546 ille
260 2519 363 2555 non,
387 2504 571 2548 inclusus
598 2520 704 2561 equo
727 2505 946 2548 Minervae

172 2581 289 2609 sacra
311 2568 501 2620 mentito,
527 2569 635 2611 male
661 2569 829 2612 feriatos

171 2629 304 2673 Troas
329 2637 370 2673 et
391 2630 544 2675 laetam
566 2632 726 2675 Priami
749 2632 910 2675 choreis
1395 2646 1435 2676 15

256 2691 416 2736 falleret
440 2694 597 2746 aulam3
