1500 2820
148 445 211 478 100

147 756 208 788 105

146 1066 209 1096 110

147 1375 209 1406 115

146 1684 209 1714 120

146 1993 208 2024 125

148 2303 210 2334 130

238 197 317 240 128
669 207 711 249 Q.
731 205 945 242 HORATII
965 207 1149 244 FLACCI

236 311 444 360 custodes,
468 309 628 360 lectica,
654 309 880 360 ciniflones,
905 310 1118 366 pai-amitae,

235 373 288 414 ad
311 373 413 414 talos
439 372 542 413 stola
565 372 742 413 demissa
765 379 805 413 et
828 372 1075 414 circumdata
1096 372 1214 427 palla,

233 433 424 488 plurima,
449 447 553 487 quae
578 433 782 474 invideant
804 448 904 488 pure
928 447 1122 488 apparere
1144 433 1218 475 tibi
1239 449 1336 476 rem.

234 496 360 538 altera
384 527 393 537 .
409 527 418 536 .
433 527 443 536 .
468 495 525 536 nil
549 494 701 545 obstat3
728 494 827 537 Cois
851 494 924 536 tibi
946 509 1075 550 paene
1099 495 1235 537 videre
1259 503 1322 538 est

233 564 279 599 ut
301 558 470 607 nudam,
495 571 546 598 ne
570 571 684 597 crure
707 556 833 606 malo,
858 570 908 597 ne
933 557 986 598 sit
1007 557 1112 611 pede
1135 557 1260 612 turpi;

233 619 366 661 metiri
387 618 522 674 possis
547 617 663 659 oculo
686 617 805 659 latus.
830 632 883 658 an
906 617 980 659 tibi
1003 618 1133 659 mavis

233 681 401 723 insidias
425 680 513 721 fieri
535 679 790 735 pretiumque
815 679 979 720 avellier
1002 686 1095 721 ante

233 758 357 797 quam
379 757 554 783 mercem
579 741 761 783 ostendi?
783 766 838 771 —
864 741 1067 795 „leporem
1090 747 1256 783 venator
1279 748 1324 783 ut
1346 741 1426 783 alta

231 805 275 846 in
298 805 390 846 nive
415 810 607 853 sectetur,
632 803 810 858 positum
834 802 892 844 sic
916 809 1081 858 tangere
1105 802 1205 845 nolit
1214 806 1236 825 “

233 872 368 908 cantat
391 871 431 907 et
453 865 637 920 apponit:
665 879 805 916 „meus
829 870 891 906 est
914 878 1027 906 amor
1049 864 1144 906 huic
1168 864 1328 906 similis:
1353 879 1444 906 nam

232 928 456 970 transvolat
478 928 520 968 in
542 927 678 968 medio
701 926 835 982 posita
858 932 898 967 et
920 926 1119 982 fugientia
1141 929 1315 982 captat.“

231 991 386 1032 hiscine
410 989 619 1031 versiculis
645 1003 784 1045 speras
809 988 881 1030 tibi
903 1003 1025 1043 posse
1048 988 1207 1030 dolores

233 1059 355 1106 atque
379 1058 515 1093 aestus
541 1064 740 1104 curasque
762 1064 909 1106 graves
934 1064 956 1091 e
978 1055 1141 1104 pectore
1163 1049 1284 1104 pelli?

231 1128 385 1163 nonne,
411 1112 668 1168 cupidinibus
694 1117 843 1153 statuat
866 1117 1012 1153 natura
1034 1111 1201 1153 modum
1225 1125 1358 1164 quem,

233 1176 331 1230 quid
353 1175 501 1224 latura,
528 1174 605 1216 sibi
629 1173 727 1227 quid
751 1173 803 1214 sit
826 1172 999 1214 dolitura
1021 1178 1227 1228 negatum,

232 1251 426 1292 quaerere
448 1236 541 1291 plus
565 1235 731 1291 prodest
755 1241 795 1276 et
817 1234 936 1275 inane
959 1234 1196 1276 abscindere
1221 1233 1363 1276 soldo?

231 1315 348 1350 num,
373 1299 446 1340 tibi
470 1313 596 1352 quum
619 1297 759 1339 fauces
783 1297 863 1337 urit
887 1296 992 1346 sitis,
1017 1311 1140 1338 aurea
1161 1295 1321 1350 quaeris

233 1360 404 1417 pocula?
427 1375 525 1401 num
549 1360 730 1401 esuriens
755 1358 915 1400 fastidis
940 1358 1075 1399 omnia
1096 1366 1255 1413 praeter

231 1437 434 1479 pavonem
450 1420 770 1474 rhombumque?
793 1425 948 1461 tument
964 1418 1037 1460 tibi
1054 1433 1180 1473 quum
1197 1418 1376 1475 inguina,
1399 1432 1500 1468 num÷

233 1485 378 1526 ancilla
403 1491 472 1525 aut
494 1498 619 1524 verna
643 1488 704 1523 est
726 1487 888 1537 praesto
911 1495 1029 1536 puer,
1053 1481 1228 1536 impetus
1251 1480 1294 1522 in
1316 1494 1438 1535 quem

233 1547 423 1589 continuo
446 1546 535 1595 fiat,
561 1544 678 1586 malis
703 1543 898 1599 tentigine
920 1542 1079 1597 rumpi?

231 1623 315 1650 non
338 1622 432 1664 ego:
457 1620 632 1660 namque
655 1605 878 1661 parabilem
901 1619 992 1645 amo
1016 1603 1220 1646 Venerem
1242 1603 1494 1656 facilemque.

231 1671 361 1720 illam,
389 1674 507 1724 „post
530 1667 666 1723 paullo
675 1670 718 1717 ;“
747 1666 846 1717 „sed
868 1665 1047 1721 pluris;“
1076 1665 1137 1717 „si
1161 1665 1302 1707 exierit
1324 1665 1423 1714 vir‚“

234 1731 364 1774 Gallis
389 1731 511 1781 hanc,
536 1729 802 1771 Philodemus
826 1728 900 1779 ait3
925 1727 1020 1777 sibi,
1046 1741 1151 1781 quae
1172 1741 1304 1781 neque
1327 1739 1475 1782 mag-no

234 1800 312 1836 stet
333 1793 463 1848 pretio
486 1805 618 1845 neque
643 1796 869 1839 cunctetur,
895 1803 1020 1843 quum
1045 1795 1107 1830 est
1129 1788 1243 1830 iussa
1265 1787 1413 1829 venire.

233 1855 406 1897 candida
428 1860 618 1906 rectaque
643 1853 712 1902 sit3
737 1851 889 1892 munda
910 1850 1124 1900 hactenus,
1149 1855 1194 1890 ut
1217 1863 1347 1905 neque
1371 1848 1492 1906 longa

232 1931 308 1958 nec
331 1916 462 1972 magis
487 1915 580 1956 alba
603 1914 700 1955 velit
723 1927 846 1967 quam
869 1912 938 1953 dat
960 1918 1104 1952 natura
1126 1910 1266 1954 videri.

232 1979 334 2021 haec
358 1977 427 2020 ubi
452 1976 666 2032 supposuit
690 1975 876 2018 dextrum
900 1988 1046 2030 corpus
1070 1973 1170 2015 mihi
1192 1974 1320 2024 laevo,

232 2042 310 2083 Ilia
334 2047 373 2082 et
396 2040 550 2096 Egeria
573 2045 653 2089 est3
685 2039 736 2080 do
760 2051 909 2079 nomen
932 2036 1140 2091 quodlibet
1162 2036 1232 2085 illi,

233 2117 309 2144 nec
331 2117 474 2143 vereor
496 2116 566 2150 ne,
592 2101 689 2142 dum
712 2099 848 2149 futuo,
873 2099 934 2140 vir
955 2113 1047 2139 rure
1070 2103 1260 2146 recurrat,

233 2165 356 2206 ianua
378 2163 606 2219 frangatur,
632 2162 750 2203 latret
773 2160 903 2210 canis,
929 2159 1107 2213 undique
1130 2173 1279 2214 magno

232 2226 352 2281 pulsa
375 2225 520 2267 domus
546 2223 713 2278 strepitu
737 2227 915 2272 resonet,
939 2220 1141 2276 vepallida
1163 2219 1267 2261 lecto

234 2288 394 2330 desiliat
416 2287 577 2336 mulier,
603 2286 793 2327 miseram
818 2299 862 2325 se
885 2282 1047 2325 conscia
1070 2282 1226 2332 clamet,

235 2350 418 2391 cruribus
442 2349 543 2390 haec
566 2353 737 2396 metuat,
763 2345 849 2387 doti
872 2345 1087 2400 deprensa,
1113 2347 1275 2399 egomet
1296 2341 1363 2382 mi.

235 2412 431 2453 discincta
454 2410 591 2451 tunica
613 2407 854 2464 fugiendum
879 2412 940 2447 est
963 2420 1011 2447 ac
1034 2405 1137 2460 pede
1160 2403 1282 2453 nudo,

234 2487 285 2514 ne
309 2473 464 2513 nummi
487 2477 652 2526 pereant
676 2475 745 2511 aut
766 2483 878 2523 puga
901 2474 970 2508 aut
993 2466 1166 2520 denique
1188 2464 1310 2506 fama.

235 2534 429 2590 deprendi
452 2533 643 2575 miserum
668 2537 746 2573 est:
770 2529 899 2572 Fabio
923 2528 988 2570 vel
1010 2528 1143 2570 iudice
1171 2527 1343 2568 vincam.
