1592 2808
575 164 613 198 Q.
637 161 799 190 nolum
821 159 962 188 FLAcc1
1405 150 1494 185 Lxl

38 220 170 300 §ullo
193 242 280 278 sunt
303 239 480 276 elatiores
500 242 540 275 at
565 249 613 274 ue
645 247 752 273 orna·
779 239 876 281 sunt,
900 234 999 270 utin
1020 244 1163 269 summa
1175 231 1356 267 varietate
1373 241 1498 267 rerum

29 282 158 326 'nores
182 291 220 324 et
241 286 467 334 quibusdam
489 295 555 321 ver
585 295 690 319 orum
708 293 753 318 ac
778 282 868 317 artis
882 281 1009 327 legum
1021 289 1204 314 memores
1217 280 1414 322 maneant3
1434 277 1497 312 de-

44 333 308 373 sententiarum
343 331 544 367 luminibus
574 329 752 364 illustrio-
778 327 892 374 nique
904 338 1019 361 unum
1038 324 1151 360 finem
1169 324 1312 359 habent
1324 321 1498 369 proposi-

43 382 142 418 res.“
169 378 350 416 Nimirum
363 377 461 413 hanc
473 377 656 412 rationem
670 374 753 421 quis
778 378 874 418 tum,
902 373 951 407 ad
977 382 1087 418 quem
1114 370 1276 416 denique
1303 369 1429 404 omnia
1453 379 1499 403 ac

44 426 194 463 tandem
206 428 264 461 est
284 424 374 471 quin
393 422 641 458 familiaribus
654 421 752 455 litte-
780 419 930 465 singula
953 418 1007 452 ita
1031 417 1256 461 referuntur,
1281 419 1324 450 ut
1341 413 1500 449 materia

46 473 78 509 ri
123 481 276 520 quarum
295 469 459 515 speciem
479 468 662 514 epistolae
676 466 754 501 Ho-
780 477 864 501 cum
899 464 1021 499 forma
1056 463 1224 510 ipsarum
1259 473 1306 496 ac
1335 459 1500 495 vicissim

47 484 128 557 razi
149 527 237 564 prae
263 527 302 550 se
326 515 464 559 ferunt,
487 515 600 560 plane
621 523 753 548 conve·
778 511 900 546 forma
914 522 996 545 cum
1010 508 1167 544 materia
1181 507 1333 554 egregie
1342 517 1500 542 consen-

46 564 205 601 mentem
217 572 301 597 esse
315 560 522 607 largiatur?
780 557 867 602 tiat,
905 559 1087 601 exeatque
1118 558 1308 600 postremo
1334 552 1500 598 singula-

68 608 200 656 fflssq'ue
235 608 330 642 haec
368 608 399 641 si
428 611 530 642 recte
564 605 755 650 disputata
779 615 861 638 rum
885 602 1001 637 veluti
1035 612 1172 645 corpus
1204 598 1362 646 aliquod
1386 609 1500 633 venu-

113 659 146 700 t,
171 657 271 689 certe
298 653 410 688 etiam
435 652 663 687 concedatur
692 661 755 685 ne-
781 653 890 694 stum,
919 647 1021 694 quod
1045 646 1241 692 praeclaro
1274 644 1398 680 animo
1424 643 1500 679 ani-

74 704 89 741 s
109 710 149 736 se
168 702 226 735 est
237 699 502 745 haudparvum
514 698 638 732 intere
667 696 755 731 isto·
780 699 919 730 matum
932 693 1125 740 perfectae
1146 691 1237 726 artis
1257 690 1374 726 veluti
1393 689 1501 724 simu-

28 761 31 764 *
112 749 224 792 atque
239 745 374 780 satiras
386 744 614 780 Horatianas
654 742 755 777 iscri-
781 742 923 776 lacrum
937 739 1124 775 exhibeat.

28 795 128 830 auen
162 791 414 836 intercedere,
452 788 757 836 quandoquidem
817 786 893 822 Sed
912 787 1007 820 haec
1028 784 1119 820 satis
1141 786 1250 818 sunto
1271 783 1317 817 de
1335 781 1501 818 necessi-

27 842 120 878 itam
135 837 292 873 materia
311 847 422 883 quam
439 835 560 871 forma
579 846 647 869 sua
659 834 757 869 inter
781 833 911 868 tudine
926 831 1110 878 epistolae
1126 834 1163 865 et
1176 829 1313 864 satirae
1326 828 1502 864 Horatia-

45 895 86 920 οε
134 883 351 928 discrepant
389 893 466 917 non
506 880 756 916 mediocriter.
782 890 865 914 nae.
915 877 1060 919 Quibus
1079 875 1314 922 explicandis
1336 874 1444 909 simul
1463 873 1503 908 id

45 929 277 976 Quamquam
289 932 470 974 utraeque
484 927 596 963 etiam
637 937 678 961 ro
691 936 757 960 na·
784 924 955 961 effecisse
968 923 1148 967 videmur,
1163 926 1206 956 ut
1224 921 1376 956 tandem
1389 919 1503 954 virtu-

45 979 151 1011 turae
181 985 270 1010 suae
299 974 444 1010 ratione
474 974 593 1008 multa
643 972 760 1007 abent
783 975 842 1006 tes
874 981 918 1005 ac
953 969 1206 1015 proprietates
1243 967 1502 1013 epistolarum,

46 1020 264 1059 communia.
313 1020 500 1062 Quorsum
519 1018 682 1065 pertinet
704 1017 758 1052 in·
785 1028 882 1063 quae
901 1019 1037 1062 poetae
1059 1014 1255 1058 debentur,
1278 1012 1428 1047 facilius
1443 1023 1504 1047 co-

43 1066 172 1114 primis
189 1067 280 1112 hoc,
301 1066 402 1112 quod
419 1069 600 1111 utraeque
622 1074 758 1100 sermo·
785 1066 1029 1109 gnoscantur.
1049 1060 1176 1096 Facile
1191 1064 1315 1095 autem
1325 1058 1439 1094 estad
1451 1058 1505 1093 in-

44 1123 113 1149 nes
147 1112 247 1148 vitae
290 1111 532 1158 quotidianae
568 1110 760 1145 imitantur
784 1108 1043 1155 telligendum,
1058 1105 1258 1141 Horatium
1271 1105 1310 1139 in
1325 1105 1398 1139 hoc
1414 1115 1505 1150 quo·

45 1159 207 1204 ideoque
237 1157 455 1204 repentinas
494 1154 760 1202 disputationis
787 1166 858 1208 que
878 1157 1091 1200 poematum
1106 1163 1243 1199 genere
1258 1151 1505 1196 elaborando,

50 1203 316 1240 conversiones
348 1202 570 1238 audaciores
599 1212 646 1237 ue
678 1212 760 1237 sen·
787 1200 947 1236 sxcutiin
967 1199 1112 1244 epodis‚
1141 1197 1263 1233 satiris
1284 1201 1322 1232 et
1335 1196 1504 1231 carmini-

45 1249 246 1286 tentiamm
271 1250 522 1284 connexiones
542 1259 563 1283 a
592 1247 761 1289 mittunt3
786 1247 858 1282 bus
872 1245 998 1292 lyricis
1010 1244 1114 1288 fecit,
1134 1243 1174 1278 id
1196 1242 1439 1289 spectavisse,
1464 1246 1506 1277 ut

50 1296 152 1350 quod
165 1295 308 1331 habent
320 1294 527 1330 orationem
540 1293 653 1328 variis
667 1292 761 1338 figu-
787 1293 932 1328 litteras
967 1291 1157 1326 Romanas
1199 1300 1299 1324 novo
1343 1288 1507 1335 quodam

49 1354 101 1378 ris
115 1346 152 1377 et
170 1340 338 1376 artificiis
353 1340 503 1376 dicendi
524 1339 691 1374 similiter
705 1349 761 1374 or-
787 1337 914 1384 poesis
929 1347 1066 1383 genere
1081 1336 1342 1381 locupletaret.
1372 1334 1416 1369 In
1431 1345 1507 1381 qua

46 1391 174 1424 natam
199 1390 238 1422 et
261 1385 370 1432 quasi
399 1386 616 1430 animatamz,
661 1384 763 1430 quod
787 1396 827 1420 re
840 1395 928 1418 num
944 1393 1042 1429 quae
1062 1382 1220 1417 aliorum
1242 1380 1377 1427 legerit
1395 1380 1506 1416 vesti-

49 1433 207 1469 subinde
220 1436 375 1467 utuntur
386 1430 646 1477 interrogandi
659 1434 696 1465 et
707 1441 761 1465 re·
788 1431 862 1476 gia,
872 1428 1026 1464 difficile
1043 1428 1144 1462 dictu
1159 1431 1226 1462 est.
1242 1426 1411 1463 Graecos
1427 1437 1505 1461 cer-

0 1478 1 1485 *
49 1477 259 1526 spondendi
278 1477 435 1523 vicibus,
462 1477 570 1523 quasi
594 1487 655 1512 res
679 1476 763 1522 ipsa
787 1482 824 1511 te
852 1479 1025 1510 auctores
1051 1484 1127 1509 non
1152 1473 1301 1508 videtur
1326 1476 1506 1526 sequutus

48 1529 193 1572 agatur,
218 1535 295 1559 non
320 1523 573 1569 disputatione
593 1523 762 1569 exquira—
788 1533 882 1557 esse.
929 1521 1062 1567 Itaque
1077 1519 1276 1555 verisimile
1290 1522 1358 1563 est,
1372 1530 1506 1564 ipsum,

47 1575 126 1615 tur3
156 1571 258 1616 quod
285 1569 424 1605 crebris
451 1569 650 1604 distinctae
677 1571 764 1603 sunt
789 1567 898 1603 sicuti
923 1566 1015 1602 fecit
1038 1566 1076 1601 in
1103 1565 1240 1610 satiris,
1266 1564 1374 1599 rudia
1394 1575 1506 1610 quae-

48 1616 187 1652 fabulis
212 1627 257 1651 ae
286 1615 421 1661 lepidis
458 1613 761 1650 narratiunculis.
789 1614 874 1649 dam
886 1613 1013 1659 poesis
1028 1611 1243 1658 epistolaris
1261 1611 1360 1645 inter
1372 1610 1508 1644 Roma—

48 1662 246 1698 Enimvero
283 1661 512 1696 conveniunt
548 1671 638 1695 sane
668 1659 764 1694 haec
788 1671 858 1695 nos
891 1662 1045 1694 exortae
1077 1658 1263 1693 elementa
1294 1657 1343 1691 ob
1376 1656 1508 1691 oculos

51 1707 174 1744 omnia
186 1707 224 1742 in
237 1710 433 1754 utrumque
447 1707 520 1742 hoc
540 1717 660 1753 genus
673 1716 762 1751 poe·
788 1705 968 1740 habuisse
994 1715 1114 1749 eaque
1146 1703 1195 1738 ad
1220 1702 1311 1738 artis
1338 1713 1507 1737 normam

49 1758 198 1790 matum.
247 1753 480 1800 Quamquam
499 1754 559 1788 vel
578 1753 616 1786 in
635 1752 693 1786 his
708 1762 762 1786 re-
790 1756 903 1797 atque
917 1750 1088 1796 regulam
1107 1749 1160 1784 ita
1178 1748 1441 1794 perpolivisse,
1467 1752 1510 1782 ut

50 1799 122 1836 bus
158 1798 328 1845 epistolis
364 1799 542 1834 maiorem
573 1798 763 1844 quandam
792 1798 988 1833 satirarum
1025 1794 1183 1830 artificio
1223 1795 1296 1829 huc
1332 1795 1507 1828 traducto

51 1844 764 1890 moderationemacsimplieitatempro·
790 1855 927 1878 novum
952 1841 1078 1887 poesis
1125 1852 1218 1876 enus
1244 1840 1330 1875 inde
1351 1839 1508 1886 effinge-

51 1891 169 1938 priam
182 1901 264 1926 esse
278 1891 406 1937 liquet.
438 1889 513 1926 Sed
526 1890 621 1925 haec
633 1893 764 1924 utcun-
788 1894 858 1925 ret.
872 1887 981 1924 Certe
995 1891 1081 1922 ante
1135 1886 1293 1922 oratium
1307 1886 1402 1921 alios
1417 1896 1509 1938 quo-

56 1947 127 1983 que
141 1947 222 1972 sese
229 1936 505 1980 habent,unum
518 1940 644 1971 tamen
657 1935 765 1970 utris-
792 1946 863 1981 que
872 1935 1127 1969 Romanorum
1142 1933 1323 1978 epistolas
1337 1932 1509 1967 versrbus

56 1991 127 2029 que
139 1993 207 2027 per
214 1982 336 2018 omnia
349 1993 541 2018 commune
557 1993 640 2017 esse
650 1981 764 2016 dubio
792 1980 1074 2026 conscripsisse,
1089 1979 1206 2014 veluti
1221 1979 1264 2020 Q.
1278 1977 1509 2030 Ciceronem,

57 2030 170 2063 caret.
212 2026 305 2063 Sunt
316 2028 414 2063 enim
428 2028 612 2081 epistolae
625 2028 767 2073 pariter
791 2026 910 2062 Marci
934 2026 1099 2070 fratrem,
1127 2025 1172 2059 de
1225 2035 1273 2059 uo
1294 2036 1327 2058 v.
1354 2022 1511 2058 Corradi

55 2073 466 2120 atquesatiraeHoratii
481 2073 560 2109 sine
575 2073 689 2108 dubio
724 2084 765 2107 ro
792 2073 946 2115 Quaest.
963 2083 999 2117 p.
1019 2071 1096 2106 278.
1117 2071 1174 2106 ed.
1229 2070 1310 2115 ips,
1337 2073 1374 2105 et
1392 2069 1506 2103 Mum-

55 2118 232 2166 perfectis
249 2119 339 2155 artis
358 2119 535 2166 operibus
553 2084 766 2163 habendae,
791 2119 903 2152 mium
916 2117 1020 2151 illum
1032 2116 1251 2160 Achaicum,
1272 2127 1316 2151 ex
1331 2114 1511 2151 Cicerone

57 2164 192 2212 quippe
216 2164 254 2200 in
279 2165 415 2218 quibus
433 2177 504 2201 nec
521 2166 646 2200 unitas
660 2165 767 2199 ideae
792 2163 910 2210 Epist.
931 2164 979 2198 ad
991 2162 1105 2197 Attic.
1125 2162 1154 2196 Ι.
1169 2161 1224 2206 13,
1246 2162 1277 2196 7.
1297 2161 1405 2196 XIII.
1425 2161 1458 2206 6,
1477 2160 1510 2195 4.

54 2221 126 2246 nec
139 2211 642 2256 expositxonisvarietas,nee
656 2209 767 2245 artifi-
795 2213 953 2245 constat.
969 2208 1044 2244 Sed
1057 2208 1158 2242 istud
1199 2207 1324 2242 uidem
1332 2207 1512 2253 quoniam

57 2256 160 2292 ciosa
179 2257 338 2302 partium
357 2257 578 2302 compositio
597 2268 668 2292 nec
682 2267 768 2291 con·
794 2255 1058 2291 deficientibus
1089 2253 1143 2288 rei
1173 2219 1409 2288 documentis
1434 2263 1512 2287 non

54 2301 289 2338 formationis
313 2303 502 2338 absolutio
528 2306 566 2338 et
584 2302 767 2349 perfectio
793 2305 920 2347 potest
933 2302 980 2336 ad
999 2300 1176 2334 maiorem
1192 2299 1378 2345 quandam
1398 2298 1512 2344 expli-

55 2358 212 2395 usquam
227 2347 466 2384 desideretur.
480 2348 577 2384 Nam
585 2348 768 2394 epistolae
795 2347 871 2383 cari
885 2345 1203 2393 probabilitatem,
1221 2345 1311 2380 satis
1325 2344 1406 2390 erit,
1422 2344 1512 2390 quid

58 2404 227 2442 quoque,
253 2394 488 2439 quantumvis
514 2406 627 2440 saepe
652 2394 770 2429 levior
794 2393 849 2429 rei
863 2394 921 2438 sit,
936 2392 1052 2427 verbo
1067 2390 1306 2426 indicavisse.

57 2439 154 2476 iniis
162 2439 332 2474 videatur
346 2440 614 2476 sententiarum
626 2440 769 2475 iunctu-
828 2437 1097 2484 Progredimur
1136 2437 1185 2471 ad
1231 2435 1512 2482 inscriptionem

27 2523 38 2528 .,
56 2496 102 2523 ra
113 2489 226 2531 atque
242 2486 436 2530 connexio,
461 2487 634 2532 adeoque
649 2497 769 2521 sermo
797 2485 1051 2531 epistolarum.
1092 2482 1141 2517 Et
1153 2495 1347 2517 sermonum
1362 2482 1513 2528 quidem

24 2530 214 2583 ijinirifica
226 2530 378 2566 licentia
390 2542 435 2566 ac
446 2532 628 2567 varietate
647 2531 722 2566 huc
735 2535 773 2566 et
796 2541 932 2566 nomen
945 2530 984 2564 in
1003 2529 1185 2575 epistolas
1206 2539 1355 2580 quoque
1378 2539 1512 2563 conve-

35 2574 149 2620 fi'muc
166 2576 321 2622 feratur,
341 2581 465 2613 tamen
488 2589 601 2612 unum
627 2588 772 2622 semper
796 2577 888 2622 nire,
907 2586 1030 2619 nemo,
1050 2574 1195 2620 opinor,
1222 2573 1422 2619 dubitabit,
1449 2573 1514 2620 qui

87 2628 90 2673 ζ
102 2626 319 2671 gumentum
343 2634 528 2670 unamque
550 2624 773 2660 sententiam
798 2633 981 2669 quasnam
1001 2621 1049 2656 ob
1071 2631 1225 2655 caussas
1246 2623 1360 2665 pocta
1379 2619 1512 2654 satiras

40 2671 61 2709 :²
138 2668 467 2715 quamprimariam
482 2669 552 2705 sibi
567 2669 773 2704 subiectam
799 2679 949 2715 quoque
964 2678 1050 2702 suas
1070 2666 1122 2701 ita
1141 2666 1390 2711 appellandas
1403 2669 1512 2711 puta-

46 2712 221 2771 ·*sbent3
264 2725 410 2760 semper
444 2714 498 2750 ita
534 2719 773 2761 comparatae
798 2714 904 2759 verit,
930 2713 1026 2749 bene
1045 2711 1263 2748 meminerit.
1311 2711 1407 2748 Nam
1426 2721 1512 2747 con·
