1546 2820
177 445 218 477 15

177 781 219 812 20

177 2546 217 2576 10

245 196 298 240 10
677 206 720 248 Q.
737 205 950 244 HORATII
964 205 1147 242 FLAGOI

464 309 562 364 quin
586 315 626 350 et
648 308 835 359 Atridas,
861 309 964 351 duce
987 315 1045 359 te,
1071 308 1268 364 superbos

463 371 541 412 Ilio
565 371 680 412 dives
703 370 892 412 Priamus
915 371 1055 412 relicto

463 432 766 486 Thessalosque
787 432 904 488 ignes
929 438 969 474 et
991 432 1129 486 iniqua
1152 431 1298 475 Troiae

547 500 680 536 eastra
702 493 858 535 fefellit.

464 590 508 625 tu
531 584 619 639 pias
643 581 759 625 laetis
784 583 940 625 animas
964 583 1126 638 reponis

465 645 648 695 sedibus,
673 645 869 701 virgaque
892 645 1024 686 levem
1049 659 1210 687 coerces

463 722 586 749 aurea
610 706 788 756 turbam,
815 706 972 762 superis
997 707 1166 748 deorum

547 775 688 825 gratus
713 775 753 810 et
775 769 881 810 imis.

727 927 984 967 OARMEN
1012 929 1092 967 XI.

679 1022 752 1054 AD
782 1022 1142 1055 LEUCONOEN.
1210 1066 1213 1069 η

296 1111 363 1152 Tu
385 1125 436 1152 ne
460 1110 700 1165 quaesieris,
727 1110 830 1151 scire
853 1111 989 1160 nefas,
1015 1125 1137 1164 quem
1160 1111 1277 1161 mihi,
1302 1125 1424 1165 quem
1446 1111 1519 1154 tibi

295 1173 417 1214 finem
441 1173 483 1214 di
506 1172 706 1222 dederint,
730 1172 970 1222 Leuconoe,
995 1187 1070 1214 nec
1093 1171 1343 1228 Babylonios

295 1234 461 1276 tentaris
485 1249 687 1276 numeros.
718 1240 763 1275 ut
785 1234 949 1284 melius,
975 1234 1173 1288 quidquid
1195 1235 1288 1286 erit,
1311 1235 1413 1291 patil

297 1311 369 1338 seu
391 1296 528 1351 plures
552 1296 707 1338 hiemes
733 1310 806 1338 seu
829 1295 970 1338 tribuit
992 1295 1178 1351 Iuppiter
1201 1296 1396 1348 ultimam,

296 1386 365 1440 qui
388 1400 496 1427 nunc
520 1386 716 1441 oppositis
741 1385 924 1428 debilitat
946 1385 1175 1441 pumicibus
1199 1401 1310 1428 mare

296 1447 553 1503 Tyrrhenum
561 1464 572 1498 3
598 1447 751 1503 sapias,
776 1447 871 1489 vina
894 1447 1044 1501 liques,
1071 1453 1111 1488 et
1135 1448 1265 1502 spatio
1290 1447 1403 1490 brevi

297 1525 411 1566 spem
434 1510 598 1567 longam
621 1524 792 1552 reseces.
824 1510 921 1550 dum
943 1509 1163 1564 loquimur,
1187 1509 1339 1565 fugerit
1360 1510 1498 1552 invida

295 1579 426 1623 aetas3
451 1586 570 1628 carpe
595 1572 720 1622 diem,
746 1586 871 1626 quam
892 1571 1105 1612 minimum
1129 1571 1292 1613 credula
1313 1578 1489 1627 postero.

721 1737 973 1778 CARMEN
1000 1738 1102 1776 XII.

575 1832 643 1863 AD
671 1832 936 1865 CAESAREM
959 1830 1243 1865 AUGUSTUM.

436 1915 571 1968 Quem
595 1915 727 1956 virum
750 1920 820 1956 aut
842 1914 966 1956 heroa
988 1913 1078 1969 lyra
1100 1914 1165 1956 vel
1189 1914 1272 1957 acri

434 1977 533 2018 tibia
557 1977 684 2018 sumis
709 1976 930 2025 celebrare,
958 1975 1075 2017 Clio?

434 2053 555 2093 quem
579 2038 724 2079 deum?
747 2038 862 2080 cuius
886 2037 1038 2079 recinet
1059 2037 1198 2080 iocosa

517 2114 666 2141 nomen
689 2100 826 2155 imago

435 2201 504 2237 aut
526 2195 570 2236 in
591 2195 794 2236 umbrosis
819 2194 1032 2236 Heliconis
1057 2194 1138 2236 oris

435 2263 505 2298 aut
529 2271 650 2311 super
672 2256 806 2298 Pindo
830 2256 1017 2312 gelidove
1041 2255 1084 2296 in
1106 2255 1294 2298 Haemo?

435 2319 543 2360 unde
567 2318 749 2361 vocalem
773 2324 923 2359 temere
946 2317 1187 2372 insequutae

519 2379 688 2436 Orphea
712 2380 850 2430 silvae,

435 2476 519 2512 arte
542 2476 724 2511 materna
745 2469 908 2524 rapidos
933 2474 1156 2510 morantem

434 2532 646 2573 fluminum
668 2531 808 2586 lapsus
833 2531 1065 2584 celeresque
1089 2535 1247 2580 ventos,

436 2593 630 2635 blandum
653 2599 694 2634 et
716 2592 866 2634 auritas
889 2591 1038 2634 fidibus
1063 2591 1221 2633 canoris

520 2657 667 2698 ducere
691 2670 876 2710 quercus.
