1500 2820
388 187 661 226 CARMINUM
683 185 782 223 LIB.
802 185 871 222 ΠΙ.

149 295 324 340 auditis?
346 310 400 338 an
421 309 490 337 me
511 292 617 335 ludit
640 291 829 335 amabilis

149 357 334 402 insania?
356 357 499 401 audire
523 363 564 399 et
586 355 730 398 videor
752 355 845 411 pios

204 436 339 464 errare
362 435 438 478 per
458 420 593 470 lucos,
619 432 818 461 amoenae

259 498 364 540 quos
389 489 431 526 et
453 497 586 538 aquae
610 481 791 525 subeunt
814 487 855 523 et
878 495 1014 523 aurae.

146 591 213 620 me
236 576 452 620 fabulosae
473 574 651 618 Vulture
674 574 719 616 in
742 572 884 630 Apulo

147 640 300 683 altricis
325 647 442 682 extra
462 638 590 681 limen
613 636 794 694 Apuliae

204 702 303 745 ludo
327 702 630 760 fatigatumque
655 715 801 743 somno

254 765 400 808 fronde
422 779 532 808 nova
554 778 730 821 puerum
753 761 970 819 palumbes

149 858 308 902 texere,
332 850 482 893 mirum
506 850 619 904 quod
642 848 750 892 foret
773 848 979 900 omnibus,

147 913 395 970 quicumque
419 912 555 956 celsae
578 912 723 955 nidum
745 911 1026 954 Acherontiae

204 975 417 1031 saltusque
439 974 643 1018 Bantinos
669 981 710 1017 et
733 989 879 1018 arvum

257 1039 412 1097 pingue
436 1044 578 1081 tenent
601 1038 768 1081 humilis
792 1037 975 1089 Forenti,

147 1133 193 1168 ut
214 1131 303 1168 tuto
327 1125 380 1169 ab
404 1124 503 1168 atris
528 1140 697 1182 corpore
721 1125 873 1181 viperis

148 1189 368 1232 dormirem
392 1194 433 1231 et
455 1188 584 1239 ursis,
609 1194 656 1230 ut
678 1202 886 1244 premerer
911 1203 1029 1231 saera

201 1252 401 1307 lauroque
424 1251 655 1307 collataque
679 1259 827 1308 myrto,

259 1329 343 1358 non
367 1314 456 1358 sine
480 1315 544 1357 dis
569 1314 781 1358 animosus
805 1314 956 1357 infans.

145 1406 299 1452 vester,
326 1400 555 1452 Camenae,
580 1407 718 1444 vester
741 1402 785 1443 in
808 1401 959 1443 arduos

147 1464 266 1508 tollor
292 1462 491 1516 Sabinos,
518 1479 594 1507 seu
616 1464 719 1506 mihi
742 1464 941 1521 frigidum

201 1527 446 1579 Praeneste,
473 1543 548 1570 seu
572 1528 704 1571 Tibur
729 1528 935 1584 supinum,

258 1605 333 1634 seu
353 1590 535 1646 liquidae
558 1591 751 1647 placuere
774 1591 917 1633 Baiae.

145 1676 292 1719 vestris
317 1676 496 1719 amicum
519 1676 705 1720 fontibus
730 1683 771 1720 et
795 1677 931 1720 choris

143 1754 227 1782 non
249 1754 316 1782 me
338 1739 544 1796 Philippis
569 1755 691 1783 versa
714 1740 824 1783 acies
847 1747 969 1792 retro,

201 1802 351 1845 devota
373 1817 458 1845 non
481 1803 656 1845 extinxit
680 1803 816 1855 arbos,

257 1879 335 1908 nec
361 1863 504 1908 Sicula
526 1865 750 1909 Palinurus
774 1868 900 1910 unda.

147 1957 372 2006 utcumque
395 1965 561 1993 mecum
584 1966 659 1994 vos
685 1952 816 2003 eritis,
841 1952 975 1996 libens

144 2014 418 2056 insanientem
441 2014 582 2056 navita
604 2014 842 2071 Bosporum

202 2076 371 2119 tentabo
396 2083 437 2119 et
458 2083 624 2120 urentes
649 2093 795 2121 arenas

258 2139 389 2182 litoris
413 2139 582 2196 Assyrii
604 2140 737 2184 viator
743 2158 755 2192 ;

147 2224 281 2267 visam
303 2224 526 2268 Britannos
550 2226 783 2283 hospitibus
808 2227 919 2270 feros

147 2293 189 2329 et
210 2287 364 2329 laetum
390 2289 538 2343 equino
563 2290 764 2346 sanguine
791 2289 1054 2342 Concanum3

204 2349 336 2392 visam
360 2350 616 2406 pharetratos
642 2351 828 2398 Gelonos

261 2418 303 2454 et
327 2411 571 2469 Scythicum
593 2414 815 2459 inviolatus
841 2431 1017 2461 amnem.

148 2511 224 2538 vos
250 2495 473 2540 Caesarem
496 2499 642 2551 altum,
667 2501 813 2543 militia
837 2501 960 2543 simul

152 2558 288 2602 fessas
313 2560 501 2604 cohortes
525 2562 684 2605 abdidit
707 2563 883 2619 oppidis,

204 2621 321 2663 finire
344 2631 608 2678 quaerentem
630 2625 806 2677 labores,

262 2683 400 2728 Pierio
421 2688 614 2730 recreatis
640 2695 769 2731 antro.

1254 175 1311 219 55

1338 649 1380 680 10

1338 989 1380 1019 15

1336 1328 1379 1359 20

1336 1690 1379 1721 25

1336 2029 1379 2061 30

1336 2367 1378 2398 35

1333 2705 1379 2734 40
