1546 2820
35 371 50 396 ἵ.

36 396 42 404 .

36 427 47 444 'd

73 544 77 551 1

36 556 81 574 ιτ(

36 603 43 617 3
57 593 60 599 ,

58 644 66 654 Β

54 693 58 700 .

397 177 673 216 CARMINUM
695 176 796 214 LIB.
814 178 846 214 Ι.

136 285 318 330 dissolve
341 284 474 343 frigus
497 283 613 341 ligna
637 298 762 340 super
784 283 879 326 foco

136 348 251 406 large
273 362 498 404 reponens,
523 351 647 401 atque
670 345 892 403 benignius

193 412 390 468 deprome
413 409 675 465 quadrimum
702 407 873 460 Sabina,

248 489 274 516 ο
298 471 563 523 Thaliarche,
587 487 749 514 merum
773 472 897 514 diota.

133 566 324 624 permitte
348 564 455 607 divis
481 570 636 615 cetera3
661 564 734 619 qui
758 564 882 607 simul

134 635 317 673 stravere
341 634 486 671 ventos
511 642 690 683 aequore
713 627 874 670 fervido

190 691 510 749 deproeliantes,
535 705 613 733 nec
637 692 824 747 cupressi

246 769 324 798 nec
347 761 507 798 veteres
533 754 741 811 agitantur
765 770 865 798 orm.

133 846 233 904 quid
257 848 310 890 sit
332 846 519 889 futurum
543 861 653 897 cras,
681 846 783 904 fuge
807 861 1027 902 quaerere,
1054 854 1093 890 et

133 925 258 967 quem
280 910 367 953 fors
393 910 554 953 dierum
577 924 756 965 cumque
781 909 915 962 dabit,
940 910 1055 953 lucro

189 988 371 1030 appone,
395 988 474 1016 nec
498 972 641 1015 dulces
666 988 828 1016 amores

247 1050 395 1093 sperne
418 1051 524 1093 puer
546 1050 680 1091 neque
705 1042 752 1078 tu
776 1036 960 1087 choreas,

133 1128 265 1171 donec
287 1128 438 1170 virenti
462 1128 633 1170 canities
658 1127 777 1171 abest

131 1197 307 1234 morosa.
331 1205 443 1233 nunc
467 1197 508 1233 et
532 1205 704 1248 campus
730 1197 769 1233 et
795 1207 914 1234 areae

187 1255 387 1310 lenesque
412 1253 490 1297 sub
514 1260 679 1297 noctem
704 1255 862 1298 susurri

245 1318 475 1375 composita
497 1324 736 1374 repetantur
758 1318 860 1361 hora
867 1335 878 1370 3

130 1423 241 1452 nunc
264 1415 305 1452 et
327 1409 492 1452 latentis
517 1409 704 1466 proditor
725 1410 872 1452 intimo

28 1479 30 1481 ’
105 1515 108 1518 Α
131 1478 273 1530 gratus
297 1471 461 1528 puellae
485 1472 593 1515 risus
619 1472 671 1516 ab
697 1474 850 1530 angulo

187 1535 422 1594 pignusque
446 1535 662 1592 dereptum
685 1536 848 1579 lacertis

244 1606 315 1644 aut
339 1600 469 1659 digito
493 1599 600 1644 male
624 1601 835 1658 pertinaci.

441 1753 703 1794 CARMEN
731 1754 791 1793 X.

297 1850 501 1884 HYMNUS
527 1850 596 1883 AD
621 1851 932 1884 MERCURIUM.

158 1933 363 1985 Mercuri,
387 1933 566 1977 facunde
591 1949 721 1991 nepos
746 1934 943 1987 Atlantis,

160 1996 232 2052 qui
253 1996 366 2039 feros
391 1997 526 2040 cultus
550 1997 766 2040 hominum
789 2005 1001 2041 recentum

160 2074 263 2102 voce
286 2059 474 2102 formasti
499 2067 615 2103 catus
641 2067 680 2103 et
705 2062 878 2104 decorae

245 2137 360 2165 more
383 2123 626 2179 palaestrae,

160 2221 200 2257 te
225 2230 389 2267 canam,
413 2218 556 2274 magni
578 2217 692 2260 Iovis
717 2224 758 2260 et
782 2218 951 2261 deorum

161 2279 357 2320 nuncium
381 2294 613 2335 curvaeque
637 2281 751 2337 lyrae
774 2289 1000 2338 parentem,

162 2341 373 2394 callidum,
399 2344 601 2399 quidquid
622 2345 796 2401 placuit,
821 2346 962 2389 iocoso

247 2406 422 2449 condere
446 2407 570 2450 furto.

162 2501 222 2547 te,
247 2495 375 2539 boves
400 2498 498 2540 olim
520 2498 602 2542 nisi
624 2499 877 2544 reddidisses

161 2573 236 2614 per
258 2559 398 2602 dolum
422 2568 600 2614 amotas,
625 2578 800 2619 puerum
824 2564 975 2607 minaci

162 2635 264 2663 voce
288 2622 386 2664 dum
410 2630 552 2676 terret,
578 2626 729 2669 viduus
753 2627 947 2683 pharetra

246 2685 336 2727 risit
358 2685 524 2742 Apollo.

1329 642 1371 673 10

1327 989 1368 1019 15

1325 1335 1368 1365 20

1326 2578 1367 2610 10
