1500 2820
123 1686 163 1716 10

124 1998 163 2027 15

186 209 268 254 150
612 218 656 262 Q„
673 218 888 256 HoRA'rn
902 214 1086 254 FLAOCI

547 561 601 610 Q.
631 560 905 600 HORATH
931 559 1162 600 FLACGI

355 685 1357 767 SATIRARUM

592 841 767 876 LIBER
798 839 1118 877 SECUNDUS.

701 1019 934 1059 SATIRA
964 1020 1002 1057 I.
1366 1018 1370 1022 ⁴
1468 1013 1486 1054 :l

188 1115 294 1158 Sunt
317 1114 465 1169 quibus
488 1114 531 1155 in
555 1113 678 1155 satira
699 1113 840 1154 videor
861 1112 981 1154 nimis
1005 1126 1098 1155 acer
1121 1117 1161 1154 et
1182 1111 1288 1153 ultra
1469 1090 1488 1112 Α

186 1179 320 1234 legem
344 1177 508 1218 tendere
533 1190 655 1230 opus3
681 1175 768 1216 sine
790 1175 926 1216 nervis
950 1174 1093 1224 altera,
1119 1173 1316 1228 quidquid

188 1239 415 1294 composui,
441 1253 535 1293 pars
560 1252 650 1279 esse
673 1243 807 1292 putat,
834 1236 1066 1290 similesque
1090 1250 1272 1277 meorum

187 1302 295 1343 mille
319 1301 384 1342 die
408 1315 550 1342 versus
575 1299 721 1340 deduci
744 1313 877 1354 posse.
904 1298 1083 1348 Trebati,
1475 1334 1483 1345 ,,

187 1364 284 1418 quid
303 1363 450 1404 faciam
468 1361 709 1417 praescribe.
735 1385 789 1391 —
813 1361 1011 1414 quiescas.
1037 1385 1091 1390 —
1114 1374 1166 1401 ne
1188 1359 1348 1409 faciam,
1372 1347 1495 1418 inquit

187 1426 351 1467 omnino
375 1423 543 1465 versus?
567 1448 620 1453 —
644 1423 720 1464 aio.
747 1447 800 1452 —
823 1437 987 1477 peream
1009 1421 1134 1471 male,
1160 1421 1196 1463 si
1218 1435 1301 1462 non

187 1488 385 1543 optimum
410 1493 511 1527 erat:
536 1500 678 1526 verum
700 1498 858 1538 nequeo
883 1483 1069 1526 dormire.
1094 1508 1148 1514 —-
1172 1489 1234 1524 ter
1255 1482 1366 1523 uncti

186 1555 422 1591 transnanto
447 1547 645 1596 Tiberim,
673 1561 815 1588 somno
839 1546 988 1600 quibus
1013 1551 1075 1586 est
1098 1559 1201 1600 opus
1226 1544 1324 1594 alto,

186 1611 464 1666 irriguumque
487 1624 598 1650 mero
624 1608 699 1650 sub
723 1614 884 1649 noctem
908 1622 1053 1664 corpus
1077 1606 1265 1648 habento.

187 1680 273 1722 aut,
301 1672 335 1713 si
358 1678 494 1713 tantus
519 1685 632 1712 amor
656 1669 858 1711 scribendi
882 1675 921 1710 te
944 1669 1064 1724 rapit,
1090 1669 1195 1710 aude

188 1733 377 1776 Caesaris
402 1733 540 1774 invicti
563 1747 628 1774 res
653 1732 803 1781 dicere,
828 1730 956 1772 multa
979 1730 1164 1772 laborum

186 1796 367 1852 praemia
389 1795 555 1836 laturus.
581 1819 635 1825 —
659 1794 870 1848 cupidum,
894 1799 1009 1847 pater
1033 1792 1201 1847 optime,
1226 1791 1333 1832 vires

188 1859 397 1900 deficiunt:
422 1871 554 1911 neque
579 1856 686 1898 enim
709 1855 842 1909 quivis
866 1855 1069 1896 horrentia
1091 1853 1184 1908 pilis

187 1921 352 1976 agmina
375 1934 451 1961 nec
475 1918 603 1960 fracta
625 1924 839 1973 pereuntes
866 1917 1032 1972 cuspide
1058 1913 1200 1957 Gallos

189 1990 258 2024 aut
281 1982 453 2024 labentis
478 1995 583 2034 equo
608 1979 810 2022 describet
832 1979 1000 2020 vulnera
1022 1977 1177 2019 Parthi.
1203 2001 1256 2006 -

187 2052 366 2086 attamen
390 2050 429 2085 et
451 2043 604 2084 iustum
627 2050 787 2097 poteras
813 2047 852 2081 et
876 2039 1051 2082 scribere
1075 2039 1234 2086 fortem,

190 2106 425 2161 Scipiadam
449 2111 493 2146 ut
517 2104 678 2159 sapiens
703 2103 903 2144 Lucilius.
928 2126 982 2132 —
1005 2101 1116 2142 haud
1138 2099 1238 2140 mihi
1261 2099 1392 2147 deero,

187 2184 313 2224 quum
336 2183 402 2210 res
426 2168 516 2223 ipsa
539 2167 658 2208 feret:
684 2165 763 2206 nisi
787 2166 929 2206 dextro
954 2170 1134 2218 tempore
1157 2162 1295 2203 Flacci

187 2232 312 2274 verba
335 2246 407 2286 per
430 2236 626 2272 attentam
648 2243 731 2270 non
754 2227 871 2269 ibunt
896 2225 1085 2269 Caesaris
1110 2238 1267 2274 aurem3

1468 1213 1486 1233 ’1

123 2307 165 2338 20
189 2293 254 2335 cui
278 2293 383 2334 male
408 2292 442 2333 si
465 2291 647 2347 palpere,
672 2289 897 2331 recalcitret
919 2288 1098 2342 undique
1122 2291 1245 2327 tutus.
1271 2309 1325 2314 —

188 2363 340 2410 quanto
363 2354 512 2396 rectius
536 2353 613 2394 hoc
637 2366 758 2406 quam
782 2350 887 2391 tristi
909 2350 1069 2391 laedere
1092 2362 1213 2389 versu

187 2416 461 2459 Pantolabum
486 2429 666 2457 scurram
689 2413 1070 2464 Nomentanumque
1092 2407 1301 2464 nepoteml

189 2495 315 2534 quum
334 2478 411 2520 sibi
428 2478 598 2531 quisque
612 2476 737 2524 timet,
757 2488 1002 2528 quamquam
1021 2479 1082 2513 est
1100 2472 1287 2519 intactus,
1307 2474 1348 2510 et
1365 2467 1484 2509 odit.—

189 2541 286 2596 quid
310 2539 484 2582 faciam?
507 2538 627 2580 saltat
649 2535 864 2584 Milonius,
890 2541 934 2576 ut
959 2533 1084 2575 semel
1107 2533 1186 2574 icto

123 2618 166 2648 25
190 2604 361 2645 accessit
385 2601 520 2642 fervor
543 2599 665 2654 capiti
688 2611 962 2650 numerusque
985 2595 1180 2644 lucernis;

192 2665 341 2707 Castor
363 2663 514 2719 gaudet
536 2661 670 2716 equis3
695 2674 773 2702 ovo
795 2664 1018 2714 prognatus
1043 2656 1186 2698 eodem
1471 2685 1474 2705 ,

1438 2708 1476 2820 ‚l
