1500 2820
256 214 310 256 98

190 521 232 552 20

191 878 232 909 25

193 1208 235 1239 30

197 1537 239 1568 35

197 1867 240 1896 40

202 2218 244 2248 45

205 2546 247 2577 50

684 220 727 263 Q.
746 217 961 256 HORATII
977 216 1159 254 FLAGGI

424 324 665 380 spectandus
689 323 731 364 in
755 322 971 364 certamine
994 320 1158 371 Martio,

423 387 570 427 devota
593 385 712 427 morti
735 390 899 439 pectora
921 383 1071 424 liberae

479 447 640 502 quantis
663 446 854 501 fatigaret
875 444 1021 486 ruinis:

532 507 746 549 indomitas
770 520 895 562 prope
920 505 1050 559 qualis
1074 503 1204 546 undas

423 602 583 639 exercet
605 594 776 645 Auster,
800 594 1016 636 Pleiadum
1039 593 1161 635 choro

423 658 629 700 scindente
653 657 802 706 nubes,
826 655 1000 711 impiger
1022 654 1200 696 hostium

476 734 623 761 vexare
648 725 819 767 turmas,
845 723 884 758 et
907 716 1146 757 frementem

534 780 692 821 mittere
717 793 866 832 equum
890 777 1045 818 medios
1068 791 1142 831 per
1162 776 1291 832 ignes.

423 864 481 905 sic
504 861 749 904 tauriformis
773 860 948 902 volvitur
970 858 1161 908 Aufidus,

422 925 493 979 qui
514 938 642 980 regna
663 922 804 964 Dauni
825 921 1012 976 praefluit
1034 919 1174 975 Apuli,

479 1000 605 1039 quum
630 983 758 1026 saevit
779 982 1102 1036 horrendamque
1125 981 1243 1022 cultis

537 1046 729 1087 diluviem
754 1044 971 1085 meditatur
994 1043 1115 1098 agris,

426 1138 471 1172 ut
493 1130 756 1172 barbarorum
783 1127 981 1170 Claudius
1005 1127 1168 1183 agmina

426 1193 575 1233 ferrata
597 1197 714 1232 vasto
738 1190 859 1231 diruit
882 1189 1047 1244 impetu,

478 1254 712 1308 primosque
736 1258 776 1293 et
800 1257 1002 1292 extremos
1026 1249 1213 1290 metendo

537 1314 678 1356 stravit
700 1313 887 1363 humum,
914 1312 1000 1354 sine
1024 1311 1138 1353 clade
1162 1311 1300 1360 victor,

427 1407 467 1441 te
491 1399 646 1454 copias,
673 1404 712 1439 te
735 1397 947 1439 consilium
971 1402 1011 1436 et
1033 1400 1124 1436 tuos

425 1461 643 1517 praebente
668 1460 796 1500 divos.
820 1473 916 1499 nam
939 1457 1029 1507 tibi,
1055 1471 1135 1510 quo
1160 1455 1224 1497 die

484 1527 624 1577 portus
648 1519 909 1561 Alexandrea
933 1517 1106 1573 supplex

538 1589 578 1624 et
600 1597 771 1623 vacuam
793 1580 985 1636 patefecit
1007 1579 1154 1629 aulam,

427 1667 588 1709 fortuna
610 1666 736 1707 lustro
760 1679 955 1720 prospera
978 1663 1094 1704 tertio

428 1728 524 1770 belli
549 1727 749 1769 secundos
772 1726 948 1767 reddidit
970 1725 1115 1774 exitus,

482 1789 724 1841 laudemque
749 1793 788 1829 et
811 1793 993 1842 optatum
1016 1785 1189 1840 peractis

539 1849 718 1904 imperiis
744 1849 868 1889 decus
893 1846 1106 1902 arrogavit.

431 1942 470 1975 te
495 1932 701 1975 Cantaber
722 1946 805 1973 non
828 1937 920 1972 ante
944 1928 1157 1972 domabilis

431 1995 663 2048 Medusque
688 1999 728 2034 et
750 1992 896 2042 Indus,
922 1998 961 2033 te
984 1990 1182 2046 profugus
1210 1987 1383 2044 Scythes

485 2056 670 2106 miratur,
695 2069 719 2096 o
743 2053 868 2095 tutela
890 2067 1082 2108 praesens

541 2116 683 2158 Italiae
707 2115 972 2168 dominaeque
996 2111 1169 2155 Romae!

436 2207 494 2250 te,
521 2199 694 2241 fontium
718 2199 787 2251 qui
811 2198 914 2239 celat
937 2196 1126 2252 origines,

433 2262 630 2315 Nilusque
654 2266 695 2301 et
716 2259 839 2308 Ister,
865 2265 904 2299 te
927 2258 1093 2312 rapidus
1118 2255 1268 2312 Tigris,

489 2329 528 2363 te
551 2321 758 2363 belluosus
783 2320 853 2374 qui
875 2319 1039 2361 remotis

545 2382 740 2437 obstrepit
763 2379 955 2423 Oceanus
979 2378 1198 2428 Britannis,

437 2474 476 2508 te
499 2481 580 2507 non
602 2464 787 2521 paventis
811 2463 955 2505 funera
979 2461 1150 2512 Galliae,

438 2529 641 2581 duraeque
665 2526 783 2567 tellus
808 2525 919 2566 audit
942 2523 1155 2573 Hiberiae3

492 2596 531 2630 te
556 2588 679 2630 caede
703 2587 926 2642 gaudentes
954 2583 1173 2640 Sygambri

549 2649 782 2704 compositis
806 2651 1047 2690 venerantur
1069 2644 1203 2687 armis.
