1500 2820
147 661 187 691 10

151 969 191 999 15

152 1275 194 1306 20

157 1583 198 1614 25

161 1892 203 1924 30

166 2200 206 2230 35

169 2509 212 2540 40

207 163 289 204 202
643 167 686 209 Q·
704 165 916 202 HORATII
931 162 1112 200 FLAGOI

207 273 400 323 discolor,
424 271 549 314 infido
574 284 736 313 scurrae
759 267 926 311 distabit
949 267 1116 309 amicus.

263 341 325 379 es't
346 335 442 377 huic
465 333 671 375 diversum
693 331 791 373 vitio
813 330 957 372 vitium
979 343 1106 385 prope
1128 327 1271 379 maius,

209 398 404 454 asperitas
429 395 601 452 agrestis
626 400 666 436 et
687 392 928 435 inconcinna
949 391 1167 448 gravisque

209 474 314 514 quae
339 473 382 500 se
406 456 662 499 commendat
685 461 804 497 tonsa
827 459 936 503 cute,
962 451 1150 494 dentibus
1175 451 1284 502 atris,

210 522 309 562 dum
332 519 419 561 vult
441 518 608 560 libertas
633 517 713 558 dici
736 530 849 557 mera
871 528 1048 568 veraque
1072 513 1214 555 virtus.

209 584 336 624 virtus
362 587 424 623 est
446 580 626 622 medium
649 578 838 620 vitiorum
862 583 902 618 et
924 575 1111 629 utrinque
1133 574 1357 616 reductum.

211 645 312 687 alter
334 644 378 685 in
400 642 642 696 obsequium
664 640 757 695 plus
782 654 912 693 aequo
935 652 1087 693 pronus
1113 643 1153 678 et
1173 635 1246 678 imi

212 706 368 748 derisor
389 704 501 754 lecti,
527 703 586 745 sic
608 708 754 743 nutum
777 701 912 742 divitis
937 700 1083 748 horret,

214 769 273 810 sic
294 767 413 808 iterat
435 779 557 807 voces
582 770 622 805 et
645 763 770 804 verba
793 762 979 803 cadentia
1001 760 1116 810 tollit,

213 837 258 871 ut
281 842 452 884 puerum
476 840 599 868 saevo
623 825 764 866 credas
789 824 939 864 dictata
962 822 1158 878 magistro

213 891 382 933 reddere
405 888 470 930 vel
493 894 628 944 partes
653 886 823 927 mimum
846 890 1018 926 tractare
1042 882 1254 925 secundas.

270 953 371 994 alter
393 951 548 1007 rixatur
570 950 621 991 de
644 949 738 990 lana
762 962 884 1002 saepe
908 946 1083 1001 caprina,

214 1019 445 1070 propugnat
467 1012 588 1067 nugis
614 1016 812 1052 armatus:
838 1009 992 1050 seilicet
1015 1014 1060 1049 ut
1083 1021 1167 1049 non

218 1077 269 1118 sit
292 1075 391 1116 mihi
413 1074 544 1130 prima
566 1073 668 1114 fides
693 1078 733 1113 et
755 1085 849 1112 vere
873 1070 983 1124 quod
1005 1069 1139 1125 placet
1161 1074 1207 1110 ut
1229 1082 1311 1109 non

217 1138 363 1179 acriter
386 1135 577 1177 elatrem?
598 1133 774 1189 pretium
799 1138 911 1174 aetas
935 1131 1061 1173 altera
1085 1130 1233 1172 sordet.

218 1199 437 1255 ambigitur
460 1197 558 1252 quid
582 1195 715 1238 enim?
739 1194 888 1237 Castor
911 1194 1012 1236 sciat
1035 1208 1088 1235 an
1109 1191 1309 1235 Dolichos
1331 1191 1443 1247 plus;

217 1261 483 1303 Brundisium
506 1258 660 1299 Minuti
683 1257 828 1298 melius
851 1257 918 1298 via
941 1256 1064 1297 ducat
1087 1270 1139 1296 an
1161 1253 1288 1310 Appi.

275 1338 397 1377 quem
421 1323 618 1363 damnosa
641 1319 804 1368 Venus,
830 1333 950 1373 quem
974 1331 1170 1373 praeceps
1194 1315 1284 1357 alea
1305 1314 1444 1364 nudat,

220 1385 349 1441 gloria
373 1398 494 1437 quem
519 1397 641 1437 supra
663 1381 770 1422 vires
795 1387 836 1422 et
858 1379 980 1421 vestit
1004 1385 1043 1420 et
1066 1377 1196 1434 ungit,

221 1461 343 1500 quem
367 1451 477 1487 tenet
500 1443 657 1500 argenti
682 1443 769 1484 sitis
793 1442 1025 1497 importuna
1048 1439 1274 1493 famesque,

222 1522 342 1563 quem
365 1506 614 1562 paupertatis
638 1505 770 1560 pudor
793 1510 833 1545 et
855 1503 974 1558 fuga3
999 1502 1113 1544 dives
1138 1501 1292 1542 amicus

224 1584 345 1625 saepe
369 1569 510 1610 decem
533 1567 641 1608 vitiis
665 1565 899 1607 instructior
920 1564 1004 1606 odit
1028 1570 1068 1605 et
1090 1563 1237 1612 horret,

224 1639 311 1682 aut,
337 1631 372 1673 si
395 1645 478 1672 non
501 1630 603 1679 odit,
627 1628 733 1684 regit
756 1642 804 1669 ac
826 1626 953 1668 veluti
975 1626 1044 1681 pia
1066 1632 1195 1667 mater

224 1694 316 1749 plus
341 1707 464 1746 quam
489 1706 533 1733 se
558 1704 699 1746 sapere
723 1695 763 1730 et
786 1687 1002 1729 virtutibus
1027 1701 1117 1728 esse
1140 1686 1318 1742 priorem

225 1755 312 1796 vult
335 1761 376 1795 et
399 1754 455 1795 ait
477 1767 603 1808 prope
626 1766 740 1792 vera:
764 1750 887 1791 Meae
911 1774 965 1779 —
990 1748 1230 1790 contendere
1253 1747 1336 1789 noli
1359 1771 1412 1777 —

227 1816 437 1858 stultitiam
460 1815 668 1871 patiuntur
691 1827 808 1868 opes,
833 1812 907 1854 tibi
930 1810 1099 1867 parvula
1121 1825 1186 1852 res
1211 1815 1290 1852 est:

227 1885 313 1920 arta
337 1878 454 1919 decet
478 1891 623 1918 sanum
646 1874 835 1916 comitem
858 1879 955 1929 toga
962 1889 973 1924 ;
998 1873 1136 1914 desine
1159 1885 1319 1913 mecum

228 1946 392 1982 certare.
422 1938 670 1993 Eutrapelus
694 1936 935 1990 cuicumque
958 1949 1103 1976 nocere
1126 1932 1290 1975 volebat

228 2002 470 2043 vestimenta
494 1999 617 2041 dabat
639 1998 834 2054 pretiosa:
859 1997 1003 2039 beatus
1029 1995 1136 2037 enim
1158 1995 1241 2036 iam

230 2078 324 2104 cum
346 2062 525 2118 pulchris
550 2060 697 2102 tunicis
722 2065 855 2101 sumet
876 2073 984 2100 nova
1008 2056 1176 2099 consilia
1199 2061 1239 2097 et
1263 2069 1370 2110 spes,

231 2125 402 2166 dormiet
425 2124 467 2165 in
490 2123 640 2172 lucem,
667 2128 800 2164 scorto
823 2126 1040 2176 postponet
1062 2119 1278 2160 honestum

232 2186 429 2236 officium,
455 2199 601 2226 numos
625 2184 778 2225 alienos
802 2188 960 2238 pascet,
987 2181 1040 2223 ad
1061 2180 1190 2222 imum

233 2248 372 2289 Threx
395 2247 470 2288 erit
493 2252 563 2288 aut
587 2245 739 2287 olitoris
765 2250 858 2300 aget
882 2243 1067 2285 mercede
1092 2240 1304 2283 caballum.

287 2323 479 2351 arcanum
501 2322 633 2362 neque
658 2313 702 2348 tu
726 2305 968 2348 scrutaberis
992 2303 1099 2345 illius
1123 2316 1316 2356 unquam,

234 2371 578 2424 commissumque
602 2375 715 2425 teges
740 2376 780 2409 et
802 2367 897 2408 vino
922 2372 1050 2408 tortus
1074 2370 1114 2406 et
1136 2364 1207 2406 ira.

289 2447 364 2474 nec
387 2439 458 2473 tua
479 2430 664 2472 laudabis
690 2429 823 2471 studia
846 2434 917 2470 aut
939 2427 1070 2469 aliena
1092 2425 1328 2481 reprendes3

235 2509 328 2544 nec,
353 2508 479 2548 quum
502 2492 642 2534 venari
667 2491 772 2533 volet
794 2490 880 2540 ille,
905 2494 1093 2544 poemata
1114 2501 1284 2543 panges.

235 2556 366 2612 gratia
390 2555 448 2597 sic
471 2554 640 2596 fratrum
665 2552 937 2609 geminorum,
962 2549 1207 2605 Amphionis
1232 2554 1352 2602 atque

238 2616 374 2667 Zethi,
399 2616 593 2666 dissiluit,
618 2615 747 2656 donec
771 2619 960 2668 suspecta
984 2625 1125 2654 severo
