1500 2820
142 443 182 474 15

137 781 180 811 20

135 1720 175 1750 10

131 2056 170 2088 15

126 2393 169 2424 20

637 206 679 248 Q.
698 205 914 243 HORATH
930 207 1115 245 FLAGGI

429 309 610 363 privatus
633 309 712 351 illis
738 323 884 352 census
909 317 994 353 erat
1016 311 1164 362 brevis,

429 385 642 412 commune
665 386 859 427 magnum
866 389 877 422 3
901 373 1013 415 nulla
1035 375 1291 432 decempedis

484 439 634 475 metata
656 433 823 489 privatis
847 449 1016 490 opacam

537 494 715 549 porticus
740 495 966 551 excipiebat
988 497 1157 549 Arcton,

428 598 504 626 nec
527 583 737 626 fortuitum
762 599 950 640 spernere
975 587 1170 642 cespitem

427 646 540 702 leges
566 645 769 696 sinebant,
794 648 945 703 oppida
966 648 1130 704 publico

486 712 623 750 sumtu
645 707 830 750 iubentes
856 715 896 751 et
918 710 1086 752 deorum

541 769 692 825 templa
714 784 821 812 novo
845 771 1035 814 decorare
1060 787 1171 815 saxo.

671 916 927 960 GARMEN
957 921 1076 960 XVI.

547 1011 614 1044 AD
640 1011 891 1046 POMPEmM
917 1013 1192 1048 GROSPHUM.

401 1093 544 1137 Otium
568 1096 683 1138 divos
708 1104 826 1153 rogat
847 1097 891 1139 in
912 1099 1067 1154 patenti

394 1171 565 1211 prensus
589 1157 778 1214 Aegaeo,
805 1159 925 1201 simul
948 1166 1035 1202 atra
1057 1161 1186 1204 nubes

396 1219 574 1260 condidit
596 1220 762 1262 Lunam
785 1236 918 1276 neque
942 1229 1051 1264 certa
1073 1223 1231 1280 fulgent

479 1283 611 1325 sidera
634 1284 786 1334 nautis3

394 1372 520 1413 otium
543 1372 650 1415 bello
675 1373 829 1416 furiosa
853 1374 1023 1425 Thrace,

395 1434 522 1475 otium
544 1434 661 1476 Medi
683 1435 871 1490 pharetra
893 1436 1040 1486 decori,

397 1493 605 1551 Gmsphe,
630 1511 711 1538 non
734 1497 907 1553 gemmis
932 1512 1063 1552 neque
1086 1513 1265 1555 purpura
1287 1514 1356 1542 ve-

477 1558 567 1599 nale
591 1573 721 1612 neque
745 1574 855 1600 auro.

393 1662 475 1689 non
498 1647 605 1690 enim
628 1663 757 1704 gazae
780 1663 913 1703 neque
937 1650 1160 1692 consularis

395 1716 624 1751 summovet
646 1710 763 1752 lictor
786 1710 955 1752 miseros
980 1711 1176 1753 tumultus

390 1771 536 1812 mentis
562 1778 602 1812 et
625 1785 742 1813 curas
766 1771 954 1826 laqueata
977 1772 1127 1815 circum

474 1839 580 1874 tecta
603 1833 799 1875 volantes.

390 1922 537 1964 vivitur
559 1937 685 1978 parvo
709 1923 812 1966 bene
836 1925 901 1966 cui
923 1931 1137 1981 paternum

390 1983 574 2038 splendet
597 1985 638 2026 in
662 2000 803 2028 mensa
825 1987 937 2028 tenui
961 1987 1145 2037 salinum,

390 2060 465 2087 nec
488 2045 599 2088 leves
625 2061 790 2090 somnos
815 2048 934 2090 timor
957 2054 1027 2091 aut
1050 2048 1197 2104 cupido

473 2108 659 2150 sordidus
684 2109 827 2152 aufert.

389 2198 488 2252 quid
511 2197 624 2240 brevi
647 2198 774 2240 fortes
797 2199 1022 2242 iaculamur
1045 2214 1146 2242 aevo

387 2259 539 2301 multa?
562 2260 659 2314 quid
683 2266 808 2302 terras
832 2261 911 2303 alio
935 2262 1112 2304 calentes

388 2321 473 2362 sole
496 2321 725 2363 mutamus?
747 2323 901 2376 patriae
924 2323 1015 2376 quis
1040 2323 1157 2365 exsul

471 2396 515 2423 se
539 2397 700 2436 quoque
724 2383 855 2439 fugit?

385 2472 542 2513 scandit
566 2478 722 2514 aeratas
746 2473 894 2514 vitiosa
916 2488 1041 2516 naves

384 2547 500 2583 cura,
525 2548 601 2575 nec
624 2539 777 2576 turmas
802 2535 983 2588 equitum
1006 2535 1207 2590 relinquit,

384 2594 493 2635 ocior
516 2595 646 2636 cervis
671 2602 710 2636 et
734 2602 879 2651 agente
902 2596 1063 2638 nimbos

469 2657 577 2698 ocior
599 2656 725 2699 Euro.
