1500 2820
198 199 250 244 68

132 386 173 417 10

130 723 169 754 15

128 1053 170 1084 20

127 1413 168 1444 25

125 1742 168 1774 30

125 2075 166 2106 35

123 2406 166 2436 40

628 211 670 254 Q.
689 209 902 246 HORATH
919 210 1100 248 FLACCI

363 329 505 355 aurum
529 329 601 369 per
624 314 778 356 medios
801 315 858 356 ire
883 315 1074 357 satellites

365 384 404 416 et
426 390 685 430 perrumpere
709 382 818 418 amat
841 391 941 418 saxa
963 377 1167 432 potentius

417 438 500 478 ictu
522 437 731 479 fulmineo.
756 439 930 480 concidit
953 439 1118 496 auguris

470 498 618 554 Argivi
641 499 785 541 domus
809 499 862 542 ob
885 500 1043 542 lucrum

362 589 547 630 demersa
571 589 711 639 exiti03
736 589 884 630 diffidit
906 589 1069 632 urbium

360 656 498 706 portas
521 650 583 691 vir
605 650 782 692 Macedo
806 657 846 692 et
870 651 1028 694 subruit
1051 652 1232 696 aemulos

415 726 532 767 reges
556 712 810 763 muneribus3
834 728 1002 755 munera
1024 714 1190 756 navium

473 788 617 815 saevos
641 773 861 828 illaqueant
884 775 1021 818 duces.

361 864 607 900 crescentem
632 859 813 912 sequitur
837 874 933 901 cura
954 860 1167 915 pecuniam

361 921 639 973 maiorumque
663 919 806 962 fames.
831 921 917 962 iure
939 921 1151 976 perhorrui

416 981 496 1023 late
520 981 784 1036 conspicuum
806 981 946 1023 tollere
969 983 1174 1033 verticem,

473 1042 714 1093 Maecenas,
740 1043 922 1098 equitum
945 1043 1082 1086 decus.

361 1133 511 1182 quanto
535 1128 706 1182 quisque
731 1127 809 1169 sibi
830 1127 948 1182 plura
970 1128 1192 1184 negaverit,

360 1189 411 1232 ab
437 1190 499 1231 dis
522 1190 640 1245 plura
662 1189 776 1231 feret.
801 1190 859 1231 nil
882 1190 1129 1246 cupientium

415 1251 549 1293 nudus
574 1258 706 1293 castra
728 1257 823 1307 peto
847 1258 887 1293 et
909 1252 1122 1309 transfuga
1145 1253 1315 1294 divitum

471 1320 606 1368 partes
630 1314 811 1368 linquere
834 1315 978 1370 gestio,

361 1404 587 1440 contemtae
611 1399 800 1440 dominus
826 1398 1072 1454 splendidior
1093 1399 1163 1449 rei,

360 1475 482 1515 quam
507 1461 541 1502 si
565 1461 763 1514 quidquid
786 1466 872 1502 arat
894 1460 1068 1516 impiger
1090 1459 1252 1515 Apulus

414 1522 616 1564 occultare
639 1522 741 1564 meis
766 1522 919 1564 dicerer
941 1522 1107 1572 horreis,

469 1600 639 1640 magnas
663 1585 767 1626 inter
790 1599 888 1640 opes
912 1585 1042 1640 inops.

359 1683 485 1723 purae
507 1669 618 1709 rivus
644 1682 773 1722 aquae
799 1668 981 1722 silvaque
1003 1669 1192 1724 iugerum

359 1744 581 1785 paucorum
605 1736 644 1771 et
668 1730 818 1785 segetis
842 1736 952 1772 certa
973 1730 1075 1772 fides
1099 1744 1214 1771 meae

414 1792 641 1847 fulgentem
663 1792 832 1847 imperio
855 1792 999 1833 fertilis
1023 1790 1192 1833 Africae

469 1853 574 1895 fallit
598 1860 705 1895 sorte
730 1853 896 1895 beatior.

357 1953 605 1993 quamquam
628 1953 703 1979 nec
730 1937 930 1980 Calabrae
954 1938 1075 1979 mella
1098 1937 1233 1979 ferunt
1255 1951 1366 1993 apes,

357 2015 432 2042 nec
455 2001 756 2055 Laestrygonia
779 2000 968 2041 Bacchus
992 2000 1035 2040 in
1058 1999 1254 2054 amphora

412 2062 638 2117 languescit
661 2062 761 2102 mihi
783 2076 857 2102 nec
881 2061 1048 2117 pinguia
1073 2059 1241 2103 Gallicis

467 2129 654 2164 crescunt
676 2123 826 2164 vellera
848 2123 1025 2177 pascuis,

354 2207 586 2262 importuna
609 2213 745 2248 tamen
766 2207 981 2262 pauperies
1006 2205 1134 2256 abest,

355 2283 449 2319 nec,
476 2269 511 2311 si
533 2269 650 2324 plura
673 2268 812 2318 velim,
838 2275 884 2309 tu
907 2263 1002 2309 dare
1027 2268 1217 2323 deneges.

414 2337 619 2372 contracto
644 2330 788 2371 melius
812 2345 941 2384 parva
964 2329 1153 2384 cupidine

469 2392 685 2448 vectigalia
707 2391 925 2447 porrigam,

357 2491 480 2530 quam
505 2476 540 2517 si
562 2475 800 2531 Mygdoniis
824 2489 997 2530 regnum
1019 2473 1203 2529 Alyattei

355 2537 509 2592 campis
534 2537 778 2578 continuem.
803 2536 931 2577 multa
953 2535 1184 2590 petentibus

410 2599 557 2639 desunt
580 2598 718 2639 multa.
743 2598 848 2639 bene
872 2604 951 2647 est,
977 2597 1042 2638 cui
1066 2597 1166 2638 deus
1191 2595 1334 2638 obtulit

464 2675 604 2716 parca,
630 2660 739 2715 quod
764 2660 861 2702 satis
887 2665 966 2710 est,
991 2674 1126 2700 manu.
