1500 2820
178 194 257 236 112

105 1123 145 1154 10

104 1432 143 1463 15

106 1734 149 1766 20

99 2048 142 2079 25

99 2354 142 2386 30

99 2662 141 2693 3⁵

605 205 647 247 Q.
667 203 883 242 HORATII
898 205 1079 243 FLAGcl

659 378 915 419 OARMEN
943 380 1024 419 IX.

581 473 654 504 An
684 473 1099 506 MAECENATEM.

286 553 463 608 Quando
486 562 694 610 repostum
719 555 958 598 Caecubum
982 557 1035 598 ad
1057 557 1184 600 festas
1209 559 1334 615 dapes

338 617 490 658 victore
514 616 644 658 laetus
671 616 848 659 Caesare

283 684 418 719 tecum
443 677 518 719 sub
543 678 624 719 alta
647 703 700 708 —
727 678 785 720 sic
807 679 898 720 Iovi
921 686 1082 735 gratum
1106 706 1159 711 —
1183 682 1315 732 domo,

337 739 455 781 beate
478 739 719 790 Maecenas,
744 740 894 790 bibam,

282 807 451 843 sonante
474 802 647 843 mixtum
670 802 779 844 tibiis
804 817 966 844 carmen
989 803 1088 859 lyra,

336 863 414 905 hac
436 863 631 914 Dorium,
655 863 735 906 illis
758 864 1002 906 barbarum?

280 931 327 966 ut
349 940 495 981 nuper,
521 931 635 967 actus
661 940 754 967 cum
777 926 882 968 freto
905 926 1134 983 Neptunius

336 987 422 1028 dux
444 987 568 1043 fugit,
593 988 695 1029 ustis
719 987 906 1038 navibus,

281 1048 457 1090 minatus
481 1048 573 1090 urbi
596 1048 747 1099 vincla,
772 1064 876 1103 quae
901 1050 1129 1093 detraxerat

337 1110 464 1151 servis
489 1110 643 1152 amicus
666 1111 844 1166 perfidis.

279 1171 510 1221 Romanus,
536 1172 658 1214 eheu!
684 1198 738 1203 -—
761 1174 915 1228 posteri
938 1174 1140 1231 negabitis
1165 1201 1218 1206 -—

336 1234 614 1289 emancipatus
638 1234 828 1285 feminae,

280 1295 358 1337 fert
381 1295 532 1337 vallum
557 1302 597 1337 et
621 1312 732 1338 arma
755 1297 890 1347 miles,
917 1303 956 1339 et
980 1298 1228 1354 spadonibus

336 1357 485 1398 servire
509 1357 669 1413 rugosis
693 1364 826 1412 potest
833 1375 844 1408 3

278 1419 462 1472 interque
487 1419 606 1475 signa
629 1425 745 1474 turpe
769 1420 957 1462 militaria

337 1480 398 1522 sol
421 1480 595 1536 adspicit
617 1481 849 1536 conopium.

280 1542 334 1583 ad
356 1541 458 1583 haec
481 1543 699 1584 frementes
723 1549 929 1585 verterunt
953 1544 1015 1586 bis
1041 1545 1149 1587 mille
1173 1557 1299 1596 equos

336 1602 447 1646 Galli
470 1610 660 1645 canentes
688 1603 921 1656 Caesarem,

280 1665 570 1719 hostiliumque
594 1666 760 1706 navium
783 1673 902 1721 portu
925 1667 1051 1708 latent

336 1741 496 1782 puppes
522 1727 799 1769 sinistrorsum
823 1728 938 1769 citae.

276 1788 316 1829 io
341 1787 584 1843 Triumphel
610 1795 656 1830 tu
678 1789 847 1830 moraris
873 1805 1015 1831 aureos

334 1864 475 1891 currus
501 1855 541 1891 et
563 1850 735 1892 intactas
759 1850 911 1893 boves?

276 1911 317 1953 io
342 1911 586 1966 Triumphe!
611 1926 687 1953 nec
709 1912 953 1967 Iugurthino
976 1928 1113 1968 parem

334 1972 442 2014 bello
466 1979 647 2028 reportas
630 1973 680 2014 eti
704 1973 862 2023 ducem,

277 2049 409 2088 neque
432 2033 695 2084 Africanum,
722 2035 787 2075 cui
811 2051 933 2091 super
957 2035 1247 2093 Carthaginem

332 2096 460 2137 virtus
486 2096 716 2151 sepulcrum
740 2098 930 2138 condidit.

276 2163 382 2198 terra
404 2157 587 2211 marique
610 2157 742 2199 victus
765 2158 894 2200 hostis
918 2158 1075 2201 Punico

332 2218 506 2274 lugubre
530 2219 701 2260 mutavit
725 2234 890 2274 sagum3

276 2286 347 2321 aut
369 2280 436 2321 ille
461 2287 623 2322 centum
647 2280 824 2322 nobilem
850 2281 1015 2324 Cretam
1038 2282 1222 2330 urbibus,

332 2342 464 2384 ventis
488 2343 618 2384 iturus
642 2356 725 2384 non
749 2343 852 2394 suis3

278 2403 518 2445 exercitatas
542 2410 612 2445 aut
633 2404 735 2459 petit
760 2402 902 2459 Syrtes
926 2405 1045 2456 Noto,

334 2471 403 2506 aut
426 2464 555 2506 fertur
577 2466 730 2506 incerto
753 2466 866 2507 mari.

276 2526 508 2581 capaciores
533 2527 634 2568 affer
656 2526 756 2576 huc,
780 2541 899 2582 puer,
926 2529 1102 2584 scyphos

332 2594 372 2628 et
397 2587 503 2630 Chia
525 2589 620 2630 vina
643 2594 714 2629 aut
735 2588 903 2640 Lesbia,

276 2649 360 2699 vel,
385 2650 495 2703 quod
519 2650 710 2692 fluentem
733 2665 928 2710 nauseam
954 2657 1148 2702 coerceat,
