1592 2808
565 137 602 172 Q.
627 134 787 164 HonA'm
808 131 951 160 FLACCI
1327 117 1490 151 LXXIX

48 159 69 189 ff

23 192 151 261 uruffi.
171 218 187 268 Ι
211 216 267 253 10.
299 216 487 252 Genaunos
517 211 630 249 etiam
661 208 748 245 Cru-
774 204 1024 255 quamBland.
1039 197 1439 248 antiq.habet:nonuti
1447 195 1491 232 sit

33 268 147 316 quius
157 275 203 302 ex
212 262 334 300 tribus
346 259 521 296 Blandin.
534 261 573 294 et
593 257 672 293 sine
685 267 748 292 an·
773 255 892 289 auxili.
903 254 914 299 Η
929 252 1069 302 ultam-at
1077 254 1165 301 ante
1173 258 1278 292 nepos
1287 256 1371 280 cum
1381 242 1491 279 codd.

35 317 113 350 not.
126 309 335 348 Obsi-linus.
371 306 448 342 Alii
463 306 654 341 Genaunes
678 306 749 338 etc.
774 299 925 346 optimis
951 297 1222 333 eliminavimus
1253 292 1368 337 vulgo
1393 288 1492 324 male

51 359 126 407 111.
135 357 296 393 Breunos
308 353 418 389 etiam
431 350 616 397 Cruquius
630 361 675 384 ex
686 347 748 382 tri·
772 347 968 381 intrusum.
980 363 1026 370 --
1037 341 1156 376 Eron.
1170 339 1219 374 H.
1234 338 1288 373 18.
1309 338 1404 371 arvis
1421 345 1491 381 pro

64 415 111 445 us
123 401 298 440 Blandin.
323 403 362 435 et
381 397 581 434 Oberlinus
601 407 646 431 ex
658 394 712 429 Ar
741 420 748 428 .
773 393 868 438 aqris
883 389 970 426 dedi
983 400 1028 424 ex
1041 385 1216 422 Blandin.
1232 382 1418 426 omnibus,
1445 381 1493 416 de

38 450 85 490 A.
105 445 192 486 mii
209 448 371 482 Brennos
388 444 450 480 vel
467 444 634 478 Brencos.
658 441 671 487 11
694 405 748 474 lg.
800 438 912 473 uibus
937 436 1036 471 falsa
1061 438 1190 468 narrat
1215 429 1390 466 Orellius.
1438 426 1495 462 39.

40 496 198 543 βφπθ-σι
230 503 299 539 pro
336 491 438 537 vulg.
473 489 629 534 fatiyarz't
667 497 750 521 cum
792 488 938 520 ortasse
951 493 1034 517 cum
1047 478 1216 525 Hauptio
1231 475 1405 521 corrigen
1433 483 1496 507 um

24 557 27 562 ·
76 542 78 545 ’
98 549 103 551 “
139 534 587 589 ,Oberlin.alilsplurimis
602 531 749 578 scripsi-
776 534 835 567 est
853 530 935 577 quid
951 529 983 563 si
999 537 1068 572 pro
1089 524 1199 560 codd.
1220 521 1384 558 lectione
1404 519 1497 566 quod

23 608 33 620 ,ν
63 595 68 597 ’
141 605 188 612 -
200 584 316 620 Cina.
330 583 416 619 XV.
429 593 468 616 m
482 580 591 615 codd.
611 578 749 624 Cruqq.
776 579 826 619 π’,-
850 588 883 611 v.
903 575 951 610 ad
973 572 1092 608 Carm.
1106 571 1125 606 I
1138 570 1194 615 24,
1215 568 1270 604 13.
1287 568 1301 615 [Ι
1319 567 1374 602 69.
1399 566 1496 600 rede-

41 632 80 643 ‘'
130 630 204 667 ‘tur
241 628 459 665 raecedenti
472 625 638 670 carmini,
653 625 751 659 scili-
774 625 823 670 qit
840 621 976 656 Bland.
991 629 1121 654 omnes
1147 628 1230 652 cum
1256 612 1392 650 ceteris
1417 611 1498 646 fere

24 682 100 723 sept
122 688 196 725 quo
243 680 281 711 et
298 675 431 710 iisdem
454 671 617 708 numeris
643 675 681 706 et
706 670 751 704 de
779 661 1264 707 omnibus.—Eron.V,37.
1280 658 1367 694 dedi
1380 662 1500 693 exusta

25 724 172 762 ‹eodem
183 724 404 769 argumento
419 718 597 764 scriptum
611 720 679 752 est.
692 715 754 751 Sic
778 725 847 762 pro
874 718 1025 754 exsucta,
1052 716 1187 745 exsecta
1212 712 1282 743 etc.
1315 707 1498 751 sequutus

26 770 151 808 etiam
174 767 276 804 alibi.
294 767 307 814 ΙΙ
323 767 355 802 7.
379 767 518 846 dergita
542 764 616 798 duo
644 761 753 798 codd.
779 772 894 796 unum
926 758 1009 794 cod.
1035 757 1143 792 Torr.
1176 757 1214 790 et
1237 754 1380 804 Bersm.
1404 749 1418 796 ΙΙ
1444 747 1500 784 55.

27 812 178 862 eruqq.
191 814 374 849 incertum
387 823 435 847 an
477 809 616 845 landin.
631 807 755 844 Ceteri
779 807 1026 854 formidolosae
1046 802 1158 838 etiam
1177 799 1373 845 antiquiss.
1387 795 1501 831 Blan-

41 862 216 906 cumArg.
223 859 270 894 A.
279 857 447 895 etmultis
461 856 544 892 aliis
558 857 710 901 direpta,·
722 865 756 888 v.
782 853 857 888 din.
871 852 908 886 h.
922 862 953 886 e.
969 853 1136 897 quartus,
1151 847 1198 882 de
1213 856 1287 892 quo
1303 843 1402 878 falsa
1415 852 1502 876 nar-

41 909 91 944 ad
102 908 171 943 111.
184 907 218 952 5,
226 906 281 940 21.
299 905 313 951 ΙΙ
328 904 360 940 9.
377 904 557 943 Quirinum
573 912 641 946 pro
656 900 756 945 vulg.
782 902 841 934 rat
859 897 1035 940 Orellius,
1062 894 1126 941 qui
1146 903 1275 928 omnes
1294 888 1430 925 Bland.
1451 887 1504 922 ait

45 954 190 998 Quirini,
211 950 354 997 exArg.
366 948 515 994 A.dedi,
530 947 633 995 quod
645 946 681 982 J.
694 946 756 980 Fr.
781 945 923 980 habere
936 941 1182 988 formidolosis.
1199 939 1212 984 ll
1231 938 1285 972 60.
1295 936 1503 971 laborarunt

44 996 566 1037 Gronoviusconiecturaerat
579 1003 757 1038 assequu-
784 1003 829 1027 ex
843 989 952 1026 codd.
976 986 1147 1034 plurimis
1168 984 1339 1020 dedimus
1359 991 1428 1026 pro
1450 981 1503 1014 la-

42 1049 115 1081 tus.
134 1045 147 1092 ΙΙ
163 1043 218 1079 15.
231 1045 277 1078 ad
289 1049 400 1077 ortum
412 1052 481 1088 pro
495 1040 597 1085 vulg.
605 1040 651 1074 ad
664 1046 759 1073 ortus
785 1037 951 1080 bor-arim,
984 1034 1087 1080 quod
1111 1036 1237 1067 tamen
1255 1028 1391 1064 Bland.
1411 1025 1506 1061 anti-

44 1090 177 1137 scripsi
190 1090 325 1134 exArg.
343 1087 389 1124 A.
403 1091 442 1123 et
455 1087 508 1122 sic
521 1087 634 1121 etiam
648 1083 759 1129 Cruq.
786 1082 901 1130 quiss.
926 1080 1051 1116 habet.
1090 1076 1341 1113 Indicativum
1354 1075 1506 1119 praeter

44 1137 159 1174 tacite
185 1134 359 1171 Lambin.
374 1137 413 1170 et
424 1132 549 1168 Bentl.
786 1129 881 1164 alios
894 1127 1005 1162 Bern.
1019 1128 1095 1161 ant.
1114 1127 1252 1158 tuetur.
1269 1122 1282 1168 ΙΙ
1300 1121 1355 1156 87.
1376 1117 1507 1153 distin-

79 1164 632 1219 CARMSAECULAELoertus
644 1177 760 1210 unde·
786 1175 839 1210 xi:
877 1185 1025 1215 venena,
1056 1181 1220 1216 maynum
1243 1168 1301 1212 fas
1331 1166 1507 1212 nefasque,

44 1222 763 1276 nosproe0‚quodaliiscriptumhabent
785 1233 856 1256 non
874 1222 1001 1261 valent,
1028 1220 1178 1252 servata
1203 1218 1367 1249 ceterum
1393 1211 1510 1246 libro-

47 1281 158 1311 certus
169 1274 340 1314 atalenos,
360 1271 546 1318 praebent
563 1269 666 1303 iuxta
680 1279 762 1302 cum
787 1279 868 1302 rum
886 1265 1083 1310 scriptura.
1120 1262 1181 1296 Ita
1197 1259 1407 1295 mutatione
1431 1267 1510 1291 non

0 1350 1 1354 ,
47 1321 132 1357 aliis
145 1312 762 1366 quattuorBlandinn.etDiv.Cru-
788 1313 936 1348 videtur
956 1322 1051 1356 opus
1071 1319 1166 1344 esse.
1179 1328 1225 1332 —
1237 1305 1354 1340 Epon.
1368 1302 1438 1347 IX,
1453 1301 1509 1337 17.

48 1367 127 1414 quii
138 1365 302 1411 itemque
318 1365 392 1399 duo
400 1362 556 1409 Argent.
573 1361 586 1408 ss
604 1360 659 1395 25.
673 1360 764 1406 quod
788 1360 834 1394 ad
845 1361 927 1393 haec
942 1355 1157 1402 scripsimus
1165 1351 1327 1398 vestigia
1340 1349 1511 1385 codicum

47 1414 152 1450 semel
186 1412 312 1446 dictum
341 1416 389 1445 est
420 1409 622 1444 ediderunt
652 1406 764 1441 etiam
790 1403 951 1451 sequuti.
976 1402 1054 1436 Alii
1067 1402 1186 1436 adhoc
1199 1398 1378 1434 veladhuc
1390 1394 1452 1430 vel
1465 1395 1512 1429 ad

39 1457 160 1505 Cruq.
173 1461 212 1493 et
224 1456 390 1493 Oberlin.
405 1454 484 1490 sine
504 1451 677 1489 lectionis
692 1451 764 1485 djs-
788 1453 887 1486 hunc.
901 1470 948 1475 —
958 1449 1075 1483 Epor).
1090 1445 1179 1490 XII,
1193 1445 1226 1479 2.
1241 1456 1288 1478 cu
1298 1456 1315 1477 r
1335 1442 1416 1476 mihi
1427 1451 1512 1476 cum

49 1503 254 1550 crepantia.
290 1502 392 1538 Dein
416 1507 526 1536 servet
550 1510 619 1544 pro
650 1503 765 1532 servat
790 1495 1002 1531 Blandiniis
1034 1492 1193 1538 aliisque
1224 1487 1394 1536 plurimis
1425 1485 1511 1522 reti-

49 1550 183 1588 Bland.
197 1553 236 1584 et
252 1547 339 1584 Div.
363 1548 527 1593 itemque
540 1547 631 1625 Ατῗ.
649 1542 696 1578 Α.
708 1542 764 1587 Β.,
790 1542 949 1578 nuimus.
974 1541 1070 1576 Nam
1086 1538 1187 1585 quod
1201 1547 1322 1582 nuper
1341 1545 1387 1570 ex
1399 1533 1512 1568 Bern.

50 1600 94 1632 ut
115 1607 199 1632 cum
222 1594 352 1630 Lamb.
372 1592 484 1639 Cruq.
503 1592 627 1627 Bent.
653 1589 767 1625 etiam
792 1589 979 1624 deder'unt
1002 1587 1083 1633 quid
1106 1585 1197 1629 mihi,
1224 1583 1263 1617 id
1289 1581 1369 1616 sine
1397 1578 1512 1614 dubio

49 1641 162 1680 Jahn.
175 1646 213 1677 et
224 1640 338 1676 Mein.
351 1639 594 1685 scripserunt.
619 1636 767 1671 Indica·
794 1634 892 1670 curis
913 1631 1241 1680 grammaticorum
1262 1627 1433 1662 debetur.
1452 1625 1465 1671 ΙΙ
1481 1625 1514 1660 7.

43 1688 166 1727 tivum
190 1698 274 1722 cum
293 1686 408 1722 Orell.
434 1684 675 1720 servavimus.
691 1681 704 1728 Η
723 1681 767 1715 29
793 1682 869 1728 quis
886 1681 992 1714 sudor
1010 1689 1079 1723 pro
1093 1689 1127 1711 v,
1148 1676 1208 1722 qui
1224 1676 1331 1709 sudor
1345 1671 1515 1707 dedimus

44 1745 135 1781 sqq.
175 1745 306 1779 uaeque
329 1744 391 1766 vos
407 1752 454 1757 --
476 1732 630 1776 impetret
662 1731 767 1773 quat·
794 1724 1128 1772 adstipulantibus,
1142 1716 1515 1764 utvidetur,Blandi-

51 1783 138 1816 tuor
182 1778 284 1814 land.
303 1781 342 1813 et
353 1777 439 1812 Div.
459 1776 549 1811 item
561 1775 652 1821 Arg.
666 1776 712 1810 A.
726 1773 768 1807 B.
794 1773 866 1808 niis
898 1770 1088 1814 omnibus,
1126 1771 1228 1803 certe
1261 1764 1426 1811 Cruquio
1462 1766 1518 1798 ta-

52 1825 154 1862 Male
172 1825 273 1870 vulg.
293 1825 415 1870 quique
432 1844 477 1849 —-
489 1823 640 1867 imperet,
667 1819 770 1867 quod
797 1822 917 1862 cente,
939 1816 1002 1863 qui
1016 1816 1068 1850 ita
1089 1826 1171 1849 cum
1184 1811 1372 1848 Lambino
1387 1809 1516 1845 edidit.

52 1875 142 1919 post
155 1869 358 1915 cruquium
379 1869 492 1904 etiam
510 1866 673 1903 Bentlei.
689 1877 769 1901 cor·
795 1865 919 1899 Etiam
933 1863 1044 1898 codd.
1054 1859 1185 1896 Orellii
1199 1859 1248 1894 ad
1260 1869 1374 1892 unum
1389 1866 1518 1891 omnes

53 1917 161 1953 rexit.
178 1916 264 1961 1165.
282 1927 353 1960 pro
373 1927 407 1950 v.
431 1926 530 1949 arces
556 1925 639 1948 cum
659 1912 771 1957 Cruq.
797 1912 882 1957 quis.
907 1930 954 1935 —
978 1909 1095 1943 Epor).
1120 1905 1231 1950 XIII,
1251 1903 1283 1938 3.
1308 1903 1412 1937 amici
1435 1912 1519 1936 cum

55 1964 147 2008 Fea,
155 1962 267 1997 Mein.
275 1959 540 1996 exBlandiniis
555 1958 727 1993 omnibus
736 1963 773 1992 et
799 1956 909 1991 codd.
948 1953 1129 1989 dedimus.
1177 1950 1302 1985 Bentl.
1341 1949 1388 1983 de
1420 1946 1516 1982 coni.

56 2006 315 2054 Argent.A.B.
327 2006 556 2042 restituimus
570 2017 666 2039 aras.
687 2004 699 2050 ΙΙ
717 2004 772 2038 68.
798 2003 923 2045 amice,
974 1999 1076 2046 quod
1118 1997 1230 2034 etiam
1271 1993 1435 2030 Meinek.
1482 1995 1520 2028 et

58 2054 181 2090 71.72.
195 2064 240 2088 ex
251 2051 342 2098 Arg.
354 2051 398 2087 A.
418 2051 588 2087 dedimus
595 2055 774 2096 proroqet,
798 2048 941 2093 Haupt.
968 2045 1272 2090 comprobarunt.
1296 2041 1309 2088 ΙΙ
1335 2041 1368 2075 8.
1387 2040 1520 2074 Achae-

59 2107 154 2136 curet
173 2103 212 2134 et
229 2100 390 2144 applicet,
411 2109 521 2143 quam
550 2108 637 2131 uam
656 2098 774 2141 quatt.
799 2095 909 2128 menio
945 2103 1014 2138 pro
1045 2091 1148 2136 vulg.
1182 2087 1412 2123 Achaemenio
1437 2096 1521 2120 cum

58 2145 236 2181 Blandin.
250 2155 334 2179 cum
346 2143 429 2178 aliis
442 2142 611 2189 plurimis
625 2145 776 2176 tuentur
799 2140 923 2174 Bentl.
937 2138 1096 2183 aliisque
1117 2134 1333 2180 scripsimus
1352 2143 1397 2167 ex
1411 2131 1521 2166 codd.

59 2191 315 2227 indicativum.
353 2188 640 2224 Coniunctivum
664 2187 776 2222 etiam
800 2185 981 2232 plurimis.
998 2184 1011 2231 Η
1031 2183 1085 2217 12.
1102 2183 1183 2217 Fea
1201 2185 1239 2216 et
1257 2179 1370 2214 Jahn.
1390 2177 1520 2212 distin-

61 2237 225 2274 Orellius
236 2234 500 2282 probat—At
526 2246 574 2269 ue
587 2234 682 2269 haec
697 2233 775 2280 qui-
800 2235 951 2267 xerunt:
982 2231 1105 2265 invicte
1130 2227 1298 2268 mortalis,
1323 2226 1388 2259 dea
1412 2228 1482 2259 etc.
1502 2226 1517 2266 ΙΙ

61 2284 146 2320 dem
164 2284 211 2318 de
231 2281 477 2317 Carminibus.
547 2280 709 2327 ergimus
728 2279 777 2314 ad
802 2278 856 2312 13.
864 2277 982 2324 parvi,
997 2276 1178 2310 librorum
1197 2272 1409 2315 lectionem,
1436 2269 1522 2304 reti-

60 2329 216 2376 Epodos
230 2332 268 2363 et
275 2327 429 2373 Satiras,
440 2328 486 2362 de
501 2326 638 2373 quibus
651 2330 775 2360 tamen
802 2323 961 2368 nuimus,
978 2333 1089 2368 quam
1101 2331 1178 2354 non
1193 2330 1288 2364 opus
1303 2316 1374 2352 fuit
1386 2314 1523 2350 mutari

61 2375 214 2412 brevius
233 2385 278 2410 ex
307 2384 420 2409 onere
441 2373 582 2408 licebit.
802 2370 838 2405 in
851 2370 943 2404 tardi
958 2368 1018 2403 vel
1026 2367 1136 2412 proni
1151 2365 1212 2400 vel
1226 2364 1321 2410 puri,
1344 2362 1444 2408 quod
1457 2372 1524 2396 nu-

97 2419 247 2456 EPOD.
287 2447 296 2464 ‚
310 2418 343 2454 5.
369 2418 646 2454 emendavimus
665 2417 777 2452 inter—
830 2427 871 2450 er
897 2415 943 2450 de
965 2413 1061 2449 coni.
1084 2411 1325 2456 seripserunt.
1339 2428 1386 2434 —
1406 2407 1523 2441 Eron.

23 2475 44 2521 ζ
62 2466 304 2513 punctionem
323 2465 465 2517 verbis:
486 2465 605 2511 quibus
620 2471 649 2498 te
661 2465 731 2498 vita
750 2464 781 2496 si
842 2461 888 2506 V,
910 2461 943 2496 8.
963 2461 994 2495 9.
1012 2461 1116 2494 recte
1133 2455 1336 2491 Blandinu.
1357 2458 1395 2489 et
1411 2452 1524 2488 Bern.

26 2531 43 2554 ,η
63 2514 251 2559 superstite,
271 2515 445 2557 utrinque
465 2515 647 2546 commate
661 2510 778 2544 inclu—
805 2506 1000 2552 antiquiss.
1021 2516 1103 2539 cum
1124 2503 1207 2538 aliis
1226 2500 1352 2536 multis
1372 2500 1524 2534 turbaret

30 2559 48 2610 3⁴
66 2557 129 2604 nis,
142 2561 181 2593 et
193 2556 452 2602 interrogandi
466 2557 574 2602 signo
594 2560 682 2602 post
697 2567 778 2601 gyra·
805 2558 842 2589 et
860 2554 1018 2598 aqilaret,
1040 2549 1142 2596 quod
1160 2549 1240 2582 iure
1262 2545 1526 2581 desiderarunt

36 2604 117 2654 rasis
127 2604 246 2640 illato.
262 2604 278 2648 ΙΙ
293 2603 326 2638 9.
339 2606 425 2648 post
439 2605 546 2637 laturi
558 2612 703 2637 comma
717 2601 778 2635 de-
806 2598 1002 2643 Cuningh.‚
1025 2597 1183 2632 Gesner.
1203 2592 1277 2628 alii.
1304 2591 1379 2627 Sed
1399 2590 1524 2625 Bentl.

20 2643 234 2699 &flevimus
256 2649 342 2694 1121.
362 2660 408 2683 ex
427 2649 535 2683 codd.
554 2661 624 2683 non
642 2654 678 2682 ut
691 2647 779 2681 adsit
805 2656 851 2680 ex
870 2644 928 2679 ed.
946 2643 1109 2678 Locher.
1133 2640 1297 2685 itemque
1322 2638 1414 2682 Fea,
1434 2636 1524 2671 Mei-

51 2705 63 2712 ·’
143 2693 583 2741 'lidedimus‚utore11.et
595 2693 643 2729 al.
653 2704 779 2740 quam·
804 2690 903 2737 nek.,
922 2690 1064 2734 Haupt.
1084 2686 1229 2722 turbarit
1253 2687 1292 2720 et
1310 2684 1460 2730 ayitarit.
1478 2701 1526 2708 -
