1592 2808
587 159 625 193 Q.
650 155 810 184 noim-m
831 150 973 180 mccl
1414 134 1510 169 xlx

21 237 166 288 ‘huonis
178 239 249 278 sed<
257 237 370 276 etiam
382 235 453 272 exi
481 245 523 270 so
531 231 691 268 Horatio
707 241 767 266 co-
791 227 874 262 vius
897 221 1042 270 IX.46.)
1051 219 1231 258 etL.Piso
1239 217 1342 265 apud
1350 214 1511 253 Gellium

51 286 262 338 ςιιοωὶτιιτ,
285 283 350 331 qui
371 281 448 318 Sat.
501 306 510 315 .
523 279 556 325 6,
574 278 630 313 36.
640 289 695 329 sq.
712 275 768 311 rei
793 273 873 322 (VI.
910 271 946 319 .>,
966 269 1216 312 videnturque
1234 261 1402 299 universi
1420 271 1511 308 quo-

51 331 228 371 meminit.
257 329 371 372 Quod
387 331 585 372 utrumque
601 327 767 359 test1m0-
791 317 917 354 tannis
931 319 1033 352 cer-to
1049 312 1214 360 quodam
1228 310 1286 345 die
1302 320 1347 345 ex
1365 306 1511 343 aerario

53 379 156 417 nium
170 375 342 424 profecto
367 377 512 410 tantum
537 370 653 405 habet
677 378 767 421 pon·
791 358 1203 404 mercedemaccepisse
1212 356 1514 400 eodemquetem-

56 424 220 469 den‘sssslt
229 431 350 473 prope
363 414 767 456 mirarisubeatfmsse,
792 421 885 457 pore
905 407 1025 444 sortiti
1045 416 1129 441 esse
1147 404 1335 453 munera51
1370 399 1515 435 Nihilo-

57 467 246 520 qui-meris
264 478 324 502 usi
342 463 498 512 argutiis
521 473 600 498 rem
619 459 770 495 dubiam
793 457 914 491 minus
932 464 1021 490 vero
1042 452 1242 486 honestum
1256 446 1513 497 fuisse-eorum

55 517 390 555 utcontroversam
413 509 569 546 reddere
590 515 769 542 conaren—
796 502 965 538 ordinem
977 497 1169 533 luculente
1177 496 1338 529 testatur
1346 490 1516 534 cinerosi

28 566 126 601 *etim
158 559 240 596 Nec
257 569 346 594 vero
360 567 428 603 per
441 566 481 591 se
493 554 571 589 ullo
591 552 703 588 modo
717 550 770 584 in-
822 547 861 583 ui
873 548 912 582 in
923 543 1094 582 Verrinis
1108 539 1343 577 orationibus
1359 535 1517 572 alieubi:

28 605 235 650 ,i'eredibile
250 607 326 649 est,
345 601 533 638 hominem
547 599 594 634 ab
609 597 770 633 honesto
797 561 892 629 ardo
907 597 955 627 est
966 592 1135 631 honestus,
1147 586 1281 632 inquit,
1318 583 1388 618 uod
1399 593 1519 635 eor-urst

18 650 163 702 ξξιριΐτθ
219 661 305 686 arce
339 656 541 692 severeque
572 644 773 680 educatum
795 640 967 676 hominum
985 636 1069 683 fidei
1086 634 1224 669 tabulae
1242 643 1294 678 pu
1319 631 1406 665 aicae
1423 639 1520 674 pert-

15 723 36 741 ,0
55 708 178 744 neque
225 706 384 731 cnorum
402 691 639 739 splendorem
657 686 773 724 ambi-
798 687 944 731 culaque
963 682 1228 727 mayistrazuum
1252 676 1519 726 committuntur:

55 744 154 781 tiose
172 741 411 778 affectantem
436 750 460 774 a
485 748 524 772 se
542 736 582 771 id
600 735 774 780 impetra·
798 732 879 768 Nec
909 739 997 765 vero
1029 726 1085 762 illi
1116 723 1214 760 servi
1249 725 1373 766 erant,
1412 722 1523 755 sicuti

57 790 176 834 visse,
200 793 244 823 ut
255 786 328 822 sibi
341 784 485 821 scribae
501 793 634 817 munus
646 783 775 826 peten-
801 777 949 813 scribae
974 772 1128 820 privati,
1156 770 1223 805 sed
1246 768 1373 815 potius
1397 763 1521 810 liberi,

59 836 147 872 dum
177 835 370 869 statueret.
415 828 595 866 Nimirum
618 826 776 872 primum
802 819 1250 874 quamquamplerumque
1260 813 1523 849 solebantesse

61 880 213 928 quidem
224 878 328 923 vidit,
342 888 410 923 per
422 880 631 920 temporum
643 870 776 917 iniqui-
829 867 943 904 lebeii
957 864 1099 902 ordinis
1112 867 1226 908 atque
1240 857 1440 895 libertinis
1466 855 1525 891 Ex

61 930 178 963 tatem
189 925 288 960 hanc
299 934 412 958 unam
426 920 498 956 sibi
504 918 777 954 viamrelietam
801 881 861 950 Eis
875 912 1047 949 omnibus
1061 909 1176 956 igitur
1187 905 1428 953 perspicuum
1440 901 1524 938 fore

62 983 160 1016 esse,
185 981 260 1018 qua
283 973 324 1004 et
344 968 459 1003 vitam
484 976 613 1002 secure
640 964 778 1009 degere
804 960 1039 1002 arbitramur,
1049 952 1300 991 curHoratius
1312 950 1387 986 tale
1398 959 1526 984 munus

89 1020 193 1054 osset
211 1019 249 1052 et
265 1025 354 1050 vero
374 1013 486 1050 etiam
504 1010 612 1058 poesi
627 1019 780 1055 operam
805 1005 946 1042 ambire
959 1014 1037 1038 non
1051 998 1291 1042 dubitaverit,
1304 994 1527 1043 praesertim

131 1073 152 1098 e
188 1072 308 1107 eaque
342 1071 384 1095 re
421 1057 624 1138 alithuando
666 1053 779 1089 incla—
806 1063 920 1099 quum
941 1047 1110 1095 inprimis
1129 1043 1344 1080 hominibus
1367 1039 1527 1088 plebeiis

62 1118 211 1146 rescere
223 1107 364 1142 liceret.
381 1104 483 1140 Dein
511 1114 530 1139 e
545 1102 657 1138 etiam
668 1099 780 1135 veris·
806 1103 845 1134 et
855 1094 1043 1133 libertinis
1058 1093 1182 1129 aditus
1199 1091 1247 1126 ad
1260 1088 1355 1124 illud
1395 1089 1527 1122 ateret.

65 1155 156 1191 sime
167 1152 364 1197 iudicavit,
389 1150 461 1186 sibi
472 1153 514 1184 ut
542 1152 603 1183 ote
617 1144 782 1182 libertini
808 1143 955 1189 Quippe
972 1141 1037 1176 ille
1050 1143 1093 1174 ut
1104 1147 1285 1184 perquam
1298 1145 1357 1169 mo
1388 1136 1467 1169 este
1481 1132 1528 1167 de

66 1199 444 1250 filiohaudquaquam
453 1196 498 1230 de
528 1193 630 1229 ecori
642 1192 737 1236 fore,
753 1190 784 1224 si
809 1201 849 1225 se
858 1178 1532 1232 sentiret,patrisquondameffecerat

66 1240 576 1282 talemunusobuetEtenim
587 1237 783 1274 erantscri-
808 1233 1042 1282 prudentia.4
1082 1231 1285 1265 Praeterea
1304 1237 1392 1262 vero
1418 1225 1531 1261 etiam

69 1292 131 1327 bae
142 1289 359 1336 neutiquam
371 1286 540 1322 homines
547 1284 706 1320 humiles
722 1285 786 1318 aut
811 1280 989 1327 sperabat
1006 1278 1174 1313 futurum
1194 1284 1295 1318 esse,
1316 1275 1360 1307 ut
1378 1271 1451 1306 sibi
1463 1269 1533 1306 tali

70 1335 265 1380 contemti3
288 1335 362 1370 imo
375 1333 613 1368 habebantur
630 1329 687 1364 illi
699 1329 784 1363 loco
810 1336 962 1362 munere
986 1321 1160 1369 fungenti
1189 1317 1363 1355 nonnihil
1392 1316 1458 1352 otii
1483 1316 1532 1352 ad

68 1380 345 1419 honestissimo.
363 1379 546 1415 Nimirum
557 1375 721 1412 uoniam
731 1374 785 1408 in-
812 1372 974 1409 colenda
1002 1367 1215 1404 liberalium
1251 1363 1534 1410 disciplinarum

68 1427 151 1464 teni
178 1426 266 1463 endi
284 1428 372 1461 sunt
384 1424 530 1460 scribae
550 1421 702 1468 privati,
723 1419 787 1466 qui
812 1417 937 1454 studia
967 1416 1208 1468 suppeteret3
1254 1411 1294 1445 in
1351 1420 1400 1444 uo
1433 1412 1533 1445 certe

70 1439 293 1510 dicebantur
321 1471 433 1507 etiam
462 1470 646 1514 scriptores
675 1466 737 1502 vel
765 1477 788 1499 a
811 1466 934 1511 ipsum
947 1462 1074 1508 opimo
1088 1459 1238 1495 minime
1250 1455 1328 1509 fefe
1359 1455 1423 1490 it.⁶
1453 1454 1535 1491 Nec

68 1530 175 1556 manu
192 1519 285 1554 servi
300 1520 339 1554 et
355 1517 617 1560 amanuenses-,1
637 1512 704 1548 sed
722 1521 787 1557 po·
814 1516 938 1546 tamen
971 1507 1119 1543 scribae
1150 1506 1305 1550 negotm
1337 1505 1376 1537 et
1406 1499 1534 1536 officio

70 1565 145 1602 tius
159 1563 305 1600 scribae
317 1562 472 1609 publici,
482 1560 546 1607 qui
558 1570 711 1605 operam
725 1558 787 1592 da·
814 1557 879 1592 diu
891 1556 1044 1591 functus
1053 1553 1212 1596 videtur,
1228 1546 1536 1600 quandoquidem

70 1612 166 1648 bant
184 1613 223 1646 et
241 1608 477 1656 apparebant
492 1604 788 1652 magistratibus,
813 1603 887 1638 iam
909 1600 1017 1636 Satir.
1031 1598 1080 1634 II.
1095 1598 1126 1633 6.
1147 1597 1198 1632 in.
1217 1600 1329 1641 atque
1345 1594 1428 1629 aliis
1442 1591 1536 1627 loeis

71 1657 126 1693 ita
137 1659 181 1691 ut
192 1659 278 1691 acta
287 1653 453 1701 publica,
467 1653 530 1688 i.e.
546 1654 789 1687 senatuscon—
815 1649 929 1684 vitam
955 1657 1060 1681 suam
1089 1642 1286 1690 praedicat
1313 1643 1357 1675 ut
1380 1639 1538 1674 liberam

74 1702 186 1747 salta,
200 1700 336 1746 edicta,
349 1701 468 1746 legeS,
487 1697 666 1742 rationes,
684 1695 724 1730 in
738 1699 790 1730 ta-
816 1695 866 1730 ab
886 1692 986 1729 omni
1005 1694 1109 1727 certa
1134 1693 1172 1724 et
1187 1685 1404 1723 necessaria
1429 1695 1538 1720 occu-

73 1746 392 1791 bulasreferrent3
407 1741 791 1780 cuiusmodihomines
816 1739 982 1787 patione.
1040 1735 1222 1773 Nimirum
1265 1731 1457 1768 abdicavit
1498 1740 1538 1765 se

74 1805 100 1830 a
114 1792 254 1829 nostris
273 1791 353 1828 fere
370 1792 576 1832 Archivare,
595 1790 793 1825 Secretaere
818 1795 970 1821 munere
994 1783 1074 1828 illo,
1102 1782 1133 1816 si
1157 1780 1247 1826 quid
1265 1778 1434 1813 iudicare
1453 1787 1540 1822 pos-

75 1838 204 1875 vocari
217 1838 350 1874 solent.
383 1835 545 1872 Redacti
562 1834 619 1870 illi
637 1832 794 1869 erantin
820 1843 964 1876 sumus,
1030 1832 1249 1873 osteaquam
1273 1836 1295 1859 a
1319 1823 1541 1859 Maecenate

78 1887 201 1921 certas
213 1884 367 1928 classes,
383 1893 478 1929 quae
493 1881 605 1917 etiam
619 1879 794 1915 diceban—
819 1878 947 1913 villam
1012 1874 1162 1910 abinam
1193 1872 1293 1907 dono
1328 1872 1540 1914 acceperat,

78 1931 344 1966 turdecuriae.2
361 1928 606 1974 Legebantur
619 1930 743 1961 autem
757 1924 795 1958 in
822 1924 926 1960 cuius
948 1921 1060 1956 unius
1088 1917 1332 1966 possessione
1363 1926 1402 1950 se
1429 1925 1542 1960 quum

81 1987 146 2012 eas
159 1986 182 2011 a
193 1973 474 2021 magistratibus
486 1973 610 2008 soluta
622 1969 795 2017 pecunia,
822 1969 906 2005 aliis
918 1967 1013 2003 locis
1026 1970 1104 2001 tum
1119 1964 1196 2000 Sat.
1210 1963 1259 1998 Π.
1273 1962 1304 1996 6.
1323 1960 1435 1996 unice
1453 1960 1542 1995 bea-

80 2021 182 2056 unde
205 2022 380 2056 dcem-iam
402 2031 511 2054 emere
529 2018 631 2064 apud
650 2015 797 2051 Cicero·
821 2020 900 2050 tum
925 2013 1130 2059 praedicat.
1178 2010 1313 2054 Itaque
1334 2005 1542 2053 disquiren-

82 2069 188 2120 nem³⁸
197 2069 375 2119 estemere
386 2077 509 2100 munus
521 2064 671 2104 scribae,-
686 2065 798 2107 atque
825 2062 911 2096 dum
936 2059 998 2094 hic
1029 2057 1116 2102 erit,
1155 2066 1229 2102 quo
1254 2058 1424 2098 tempore
1454 2051 1545 2087 villa

83 2110 550 2148 distributlerantiuterma
580 2107 800 2151 ‘stratus,ita
826 2106 967 2143 Sabina
997 2115 1020 2139 a
1044 2103 1265 2138 Maecenate
1298 2099 1459 2134 donatus
1486 2097 1544 2132 sit.

82 2158 195 2212 utalii
204 2161 334 2210 essent
340 2155 529 2208 senatorii,
539 2121 799 2207 affiipraetoriss
825 2153 884 2188 De
899 2162 974 2198 qua
985 2161 1026 2185 re
1039 2160 1109 2184 nos
1119 2147 1268 2195 quidem
1275 2145 1329 2180 ita
1336 2143 1544 2187 statuimus,

84 2205 335 2257 alneensorn,
351 2203 415 2238 alii
428 2201 597 2246 aedilitii,
611 2199 675 2235 alii
690 2210 800 2246 quae—
825 2202 867 2233 ut
901 2194 1207 2233 verisimillimum
1238 2202 1322 2227 esse
1360 2189 1545 2225 existime-

87 2249 218 2286 storiis
234 2248 601 2285 Mercenariatamen
608 2246 802 2281 fuiteorum
827 2256 920 2288 mus,
934 2254 1016 2279 eam
1028 2242 1127 2276 intra
1140 2251 1172 2275 a.
1187 2235 1438 2274 u.721.et723.
1469 2234 1547 2270 Ho-

87 2306 214 2342 opera,
227 2295 268 2330 id
281 2295 382 2341 quod
395 2295 455 2330 vel
468 2305 513 2330 ex
525 2292 703 2328 formula:
717 2292 795 2325 scri-

82 2348 182 2389 ptum
193 2341 320 2385 facere,
339 2344 507 2387 apparet,
528 2350 602 2385 qua
613 2338 729 2373 utitur
741 2336 802 2371 Li-

120 2414 137 2439 1
155 2419 185 2438 V.
199 2412 314 2438 sueton.
330 2411 413 2438 caes.
427 2418 452 2437 c.
466 2411 508 2437 74.
533 2410 599 2436 Ner.
614 2417 638 2434 c.
647 2409 690 2434 44.

122 2448 138 2473 2
157 2446 235 2472 Suet.
250 2445 349 2472 Claud.
364 2447 390 2472 1.

826 2290 922 2325 ratio
943 2288 1136 2334 obtigisse.
1178 2285 1273 2321 Nam
1291 2282 1450 2328 primum
1469 2280 1548 2327 qui·

830 2337 913 2371 dem
936 2338 1051 2381 poeta
1068 2330 1230 2367 muneris
1248 2329 1350 2364 illius
1369 2328 1408 2362 in
1422 2326 1547 2373 priore

831 2381 1035 2418 Satirarum
1048 2379 1144 2414 libro
1159 2387 1206 2412 ne
1219 2386 1294 2411 uno
1304 2373 1547 2420 quidemloco

3 2502 8 2510 .
122 2481 140 2507 8
156 2481 269 2507 verrin.
284 2480 434 2507 Oratt.111.
447 2480 490 2506 79.
505 2479 573 2505 coll.
583 2478 660 2504 Suet.
670 2475 770 2503 Claud.
779 2477 805 2502 1.

19 2523 21 2528 ·
89 2515 185 2547 ibique
198 2516 289 2547 intpp.
866 2511 881 2536 2
901 2509 980 2535 Orat.
994 2508 1074 2534 verr.
1088 2507 1124 2532 11.
1139 2507 1164 2536 3,
1180 2505 1222 2530 79.
1237 2506 1266 2529 et
1278 2509 1328 2535 pro
1342 2501 1456 2527 cluent.
1471 2501 1548 2526 c.45.

31 2560 34 2591 j
123 2551 141 2575 4
157 2556 186 2575 v.
203 2549 275 2575 Gell-
288 2549 324 2574 N.
337 2548 373 2575 A.
386 2549 435 2574 VI.
450 2549 475 2573 9.
489 2551 518 2574 ct
526 2547 619 2574 Cicer.
634 2554 683 2579 pro
693 2545 806 2572 Cluent.
866 2546 882 2569 3
899 2551 928 2568 v.
938 2542 999 2568 Cic.
1008 2542 1043 2567 ad
1050 2540 1217 2567 Fam.V.20.
1226 2537 1316 2563 ubide
1324 2535 1550 2568 scribisprivatis

34 2591 59 2626 ’,ᾗ
91 2591 117 2610 c.
129 2584 173 2610 45.
193 2590 229 2609 ex
248 2590 303 2615 quo
320 2583 383 2609 loco
396 2584 480 2608 etiam
494 2583 676 2614 intelligitur,
703 2581 808 2607 scribas
834 2577 1031 2610 cogitandum,
1051 2578 1080 2601 et
1093 2576 1122 2600 ll.
1138 2582 1179 2600 cc.

32 2628 51 2649 ,ψ
91 2619 153 2644 tum
169 2618 260 2644 lectos
279 2625 341 2643 esse
359 2617 394 2643 ab
412 2618 550 2643 aedilibus
570 2620 599 2642 et
622 2615 807 2648 praetoribus,
867 2615 883 2638 4
901 2619 930 2637 v.
945 2611 1002 2636 Sat.
1016 2611 1039 2636 l.
1053 2612 1078 2641 6,
1092 2611 1124 2635 85
1132 2615 1192 2641 sqq.

46 2678 49 2679 γ
93 2659 179 2713 ffimm
191 2655 275 2678 antea
288 2659 336 2678 eos
349 2658 366 2677 a
378 2652 573 2684 quaestoribus
592 2651 706 2676 urbanis
719 2650 809 2675 lectos
868 2648 883 2672 5
902 2647 946 2672 De
959 2645 1058 2671 scribis
1071 2644 1193 2677 publicis
1199 2643 1388 2667 Romanorum
1399 2646 1429 2665 v.
1436 2638 1552 2665 Ernesti

50 2693 57 2697 ·
125 2686 181 2713 isse
194 2693 231 2712 ex
242 2687 376 2712 Lixum..
390 2687 432 2712 13.
446 2689 474 2712 et
488 2686 548 2712 Cic.
556 2686 636 2711 Verr.
650 2685 754 2710 ulae.
768 2684 810 2709 in·
836 2681 916 2707 01817.
932 2679 993 2706 Cic.
1012 2687 1035 2705 s.
1050 2687 1078 2705 v.
1098 2681 1127 2704 et
1146 2684 1215 2710 quos
1235 2677 1283 2702 ille
1302 2675 1442 2705 laudavit,
1468 2676 1551 2706 atque

61 2744 66 2746 ,
79 2727 85 2772 »1
95 2722 187 2756 tenisi
198 2722 294 2748 necat.
835 2715 952 2743 Weber:
965 2712 1062 2742 Horat
1070 2713 1114 2742 als
1122 2711 1235 2740 Mensch
1245 2718 1273 2737 u.
1281 2709 1402 2766 Dsschter
1413 2716 1441 2742 p.
1450 2709 1483 2734 55
1489 2715 1550 2741 sqq.

864 2477 879 2502 1
898 2482 927 2500 v.
942 2473 1034 2500 cicer.
1049 2472 1133 2498 Catil.
1146 2470 1196 2496 IV.
1211 2471 1236 2495 7.
1249 2468 1362 2494 Vei-rin.
1374 2467 1412 2492 II.
1426 2467 1451 2498 3,
1466 2467 1509 2492 ¹19.

1271 2761 1295 2787 Β
