1566 2814
231 176 312 219 226
665 183 708 225 Q.
726 181 940 219 HORATH
955 182 1136 220 FLACGI
1197 196 1201 197 ⁷

227 288 354 344 regali
378 292 618 343 conspectus
642 286 685 327 in
708 301 806 327 auro
828 301 958 342 nuper
981 292 1021 328 et
1044 292 1165 337 ostro,

227 351 374 406 migret
396 350 439 391 in
461 349 655 391 obscuras
679 348 821 389 humili
846 362 1030 390 sermone
1053 348 1254 399 tabernas,

139 425 204 457 230
227 419 314 462 aut,
340 412 438 453 dum
461 411 562 452 vitat
584 410 771 460 humum,
797 409 925 451 nubes
950 416 990 451 et
1012 410 1148 451 inania
1171 415 1316 465 captet.

228 474 386 516 effutire
409 473 520 514 leves
544 472 713 527 indigna
735 472 944 527 tragoedia
967 486 1122 520 versus,

227 542 273 577 ut
296 535 412 576 festis
436 540 620 575 matrona
643 533 798 575 moveri
819 533 932 574 iussa
956 533 1112 583 diebus,

227 597 406 638 intererit
431 595 589 651 Satyris
614 595 795 650 paullum
818 595 1056 650 pudibunda
1079 595 1289 650 protervis.

227 673 309 700 non
333 672 409 714 ego
432 658 616 699 inornata
640 663 679 698 et
704 657 953 698 dominantia
975 657 1140 698 nomina
1163 657 1295 699 solum

140 733 204 764 235
227 720 450 774 verbaque,
475 719 667 768 Pisones,
696 717 934 773 Satyrorum
959 719 1130 773 scriptor
1153 717 1317 769 amabo3

227 795 304 823 nec
328 782 386 823 sic
410 780 538 822 enitar
562 780 715 835 tragico
741 780 902 821 differre
926 780 1062 830 colori,

228 849 273 884 ut
295 843 395 884 nihil
417 842 591 892 intersit,
617 841 816 882 Davusne
839 841 1028 894 loquatur
1052 847 1091 883 et
1114 841 1249 883 audax

227 904 417 960 Pythias,
444 909 632 945 emuncto
656 903 811 944 lucrata
837 901 1003 944 Simone
1027 902 1235 952 talentum,

228 981 281 1008 an
304 972 441 1008 custos
466 964 724 1019 famulusque
748 964 814 1005 dei
839 963 1002 1006 Silenus
1027 963 1191 1005 alumni.

141 1043 205 1073 240
230 1043 282 1070 ex
304 1034 401 1070 noto
424 1027 563 1068 fictum
589 1041 751 1068 carmen
775 1040 938 1080 sequar,
963 1031 1009 1066 ut
1033 1025 1109 1067 sibi
1133 1026 1265 1079 quivis

230 1095 364 1145 speret
386 1089 514 1139 idem,
541 1089 659 1130 sudet
682 1087 854 1128 multum
878 1087 1110 1140 frustraque
1132 1086 1288 1128 laboret

229 1166 354 1194 ausus
377 1152 504 1192 idem:
530 1156 688 1191 tantum
713 1150 836 1191 series
860 1148 1127 1202 iuncturaque
1149 1148 1285 1203 pollet,

230 1220 387 1255 tantum
411 1213 462 1254 de
485 1212 620 1254 medio
645 1211 789 1253 sumtis
813 1211 968 1252 accedit
991 1210 1166 1252 honoris.

234 1275 346 1317 silvis
372 1275 537 1316 deducti
560 1280 747 1323 caveant,
773 1287 838 1314 me
861 1273 1012 1322 iudice,
1038 1272 1183 1322 Fauni,

143 1350 206 1381 245
231 1351 282 1378 ne
306 1337 417 1378 velut
440 1337 567 1378 innati
591 1336 719 1378 triviis
744 1350 791 1376 ac
815 1349 944 1390 paene
968 1335 1151 1376 forenses

231 1405 300 1440 aut
322 1398 493 1439 nimium
516 1398 664 1439 teneris
688 1397 929 1438 iuvenentur
952 1395 1137 1437 versibus
1160 1409 1352 1448 unquam,

231 1467 300 1502 aut
323 1459 533 1501 immunda
557 1465 722 1514 crepent
744 1458 1094 1514 ignominiosaque
1119 1456 1244 1498 dicta:

231 1521 492 1563 offenduntur
516 1521 643 1570 enim,
670 1520 817 1574 quibus
843 1526 904 1561 est
928 1533 1056 1573 equus
1082 1524 1122 1559 et
1143 1524 1258 1572 pater
1281 1522 1321 1558 et
1343 1530 1407 1558 res
1415 1532 1427 1567 3

231 1597 306 1624 nec
331 1583 366 1624 si
389 1583 487 1637 quid
510 1583 618 1623 fricti
641 1582 781 1623 ciceris
805 1580 950 1636 probat
973 1586 1013 1622 et
1035 1580 1150 1621 nucis
1175 1585 1303 1621 emtor

146 1660 208 1692 250
232 1645 371 1699 aequis
396 1645 599 1700 accipiunt
622 1644 766 1685 animis
792 1643 994 1684 donantve
1018 1656 1178 1683 corona.

289 1706 446 1762 syllaba
467 1706 591 1761 longa
615 1705 729 1747 brevi
753 1704 935 1746 subiecta
959 1711 1127 1746 vocatur
1148 1701 1322 1752 iambus,

231 1783 305 1824 pes
330 1769 452 1809 citus:
476 1768 584 1809 unde
609 1768 730 1808 etiam
754 1767 943 1807 trimetris
968 1779 1197 1807 accrescere
1220 1763 1338 1806 iussit

232 1846 381 1873 nomen
404 1830 594 1880 iambeis,
620 1845 745 1884 quum
771 1843 891 1871 senos
915 1829 1102 1870 redderet
1123 1828 1240 1877 ictus,

232 1894 387 1950 primus
413 1893 466 1934 ad
490 1900 715 1934 extremum
739 1891 881 1932 similis
907 1891 1001 1932 sibi:
1026 1905 1108 1931 non
1131 1890 1188 1930 ita
1210 1888 1379 1944 pridem,

146 1970 210 2000 255
234 1956 385 1998 tardior
408 1962 453 1996 ut
475 1955 611 2011 paullo
635 1954 876 2010 graviorque
900 1953 1055 1994 veniret
1077 1952 1131 1993 ad
1154 1965 1286 2001 aures,

235 2018 438 2074 spondeos
464 2016 629 2058 stabiles
653 2016 696 2056 in
718 2016 806 2056 iura
828 2021 996 2070 paterna
1019 2014 1170 2068 recepit

235 2080 473 2122 commodus
499 2086 538 2120 et
561 2079 737 2133 patiens,
764 2092 844 2118 non
867 2083 913 2117 ut
936 2077 986 2118 de
1011 2076 1107 2118 sede
1131 2074 1310 2117 secunda

236 2142 395 2184 cederet
419 2147 488 2182 aut
512 2147 656 2195 quarta
679 2139 891 2181 socialiter.
922 2138 988 2180 hic
1013 2145 1051 2180 et
1074 2139 1117 2179 in
1139 2136 1245 2179 Acci

235 2202 439 2245 nobilibus
465 2202 652 2244 trimetris
678 2207 845 2255 apparet
868 2215 1001 2250 rarus,
1027 2206 1067 2240 et
1089 2199 1200 2240 Enni

148 2279 212 2310 260
235 2265 277 2307 in
301 2279 465 2306 scenam
488 2264 635 2305 missos
659 2277 809 2318 magno
834 2276 927 2303 cum
950 2261 1127 2316 pondere
1151 2274 1293 2301 versus

236 2336 305 2369 aut
329 2340 474 2382 operae
499 2325 640 2366 celeris
664 2324 833 2364 nimium
858 2337 1034 2376 curaque
1058 2321 1231 2363 carentis

236 2395 307 2431 aut
329 2389 538 2443 ignoratae
562 2386 707 2442 premit
731 2385 827 2426 artis
853 2385 1017 2426 crimine
1042 2384 1160 2439 turpi.

236 2465 318 2492 non
342 2450 475 2503 quivis
500 2449 610 2489 videt
633 2446 897 2489 immodulata
920 2453 1107 2501 poemata
1128 2445 1264 2494 iudeX,

238 2520 277 2553 et
301 2512 395 2552 data
419 2510 614 2552 Romanis
639 2509 758 2550 venia
782 2515 843 2549 est
866 2508 1034 2563 indigna
1056 2507 1199 2562 poetis.

151 2588 214 2618 265
238 2573 439 2614 idcircone
464 2586 588 2627 vager
613 2570 868 2623 scribamque
891 2568 1080 2610 licenter?
1103 2583 1155 2609 an
1179 2580 1318 2609 omnes

239 2635 396 2676 visuros
420 2640 589 2689 peccata
611 2639 751 2688 putem
774 2645 882 2681 mea,
908 2638 1018 2672 tutus
1043 2636 1084 2671 et
1105 2629 1211 2671 intra

1549 1175 1566 1194 Ξ-
1552 1090 1566 1142 ,““.
1555 1033 1566 1076 ΝΔ
1553 997 1566 1023 zr-
1558 975 1560 978 v
1552 920 1566 960 ⁷4⁴2.
1555 885 1566 895 «ς
