1500 2820
172 170 225 213 92

105 359 145 388 10

101 707 140 738 15

98 1049 140 1080 20

95 1742 137 1773 30

930 0 986 14 '³³3³‘

599 181 641 224 Q.
659 180 872 218 HORATII
889 180 1073 220 FLAOOI

365 285 438 326 sed
461 300 542 326 non
565 285 666 327 haec
689 285 789 327 mihi
811 285 892 336 vis,
917 301 993 328 nec
1015 286 1088 328 tibi
1112 287 1251 330 talium

363 360 428 387 res
453 353 516 388 est
539 354 609 388 aut
632 347 790 388 animus
816 347 1050 389 deliciarum
1074 362 1211 404 egens.

361 408 519 464 gaudes
542 408 788 451 carminibus
796 425 807 459 3
832 410 1010 451 carmina
1033 424 1250 465 possumus

363 469 530 519 donare,
555 476 595 510 et
617 470 791 525 pretium
815 471 948 512 dicere
971 472 1140 513 muneri.

362 584 444 611 non
467 569 596 611 incisa
618 570 724 612 notis
748 586 950 612 marmora
971 571 1158 626 publicis,

363 645 436 686 per
459 646 563 685 quae
588 632 752 686 spiritus
778 638 818 674 et
841 633 924 674 vita
946 634 1050 674 redit
1072 633 1190 676 bonis

360 699 454 748 post
476 700 647 735 mortem
671 694 861 744 ducibus,
887 710 969 736 non
993 695 1142 737 celeres
1167 696 1290 752 fugae

361 755 615 808 reiectaeque
639 762 856 797 retrorsum
881 756 1125 799 Hannibalis
1149 758 1294 808 minae,

364 814 464 872 [non
488 816 673 858 incendia
700 815 959 873 Carthaginis
983 817 1150 874 impiae]

362 916 467 966 eius,
494 917 563 970 qui
587 917 739 958 domita
762 932 910 959 nomen
934 917 984 959 ab
1008 917 1153 960 Africa

361 977 538 1019 lucratus
562 978 697 1028 rediit,
724 979 870 1020 clarius
894 980 1074 1020 indicant

359 1039 519 1088 laudes,
545 1053 668 1093 quam
694 1039 892 1082 Calabrae
916 1040 1119 1083 Pierides:
1143 1057 1287 1096 neque,

362 1100 395 1141 si
420 1100 583 1142 chartae
608 1101 752 1142 sileant
776 1103 884 1155 quod
908 1101 1011 1143 bene
1035 1102 1194 1154 feceris,

359 1201 587 1242 mercedem
610 1201 761 1243 tuleris.
788 1203 886 1256 quid
909 1202 1014 1244 foret
1037 1203 1137 1244 Iliae

358 1262 639 1317 Mavortisque
663 1278 779 1318 puer,
807 1264 841 1305 si
865 1264 1115 1306 taciturnitas

358 1323 538 1365 obstaret
560 1325 712 1366 meritis
736 1325 874 1366 invida
896 1325 1088 1367 Romuli?

360 1391 543 1440 ereptum
569 1385 725 1442 Stygiis
749 1386 938 1428 fluctibus
962 1386 1150 1429 Aeacum

357 1486 484 1526 virtus
511 1492 549 1526 et
573 1486 689 1527 favor
713 1493 752 1527 et
775 1487 915 1542 lingua
937 1488 1163 1542 potentium

357 1553 495 1587 vatum
519 1547 711 1589 divitibus
737 1555 946 1590 consecrat
968 1549 1125 1591 insulis.

359 1607 547 1662 [dignum
570 1608 689 1649 laude
714 1609 845 1650 virum
868 1609 993 1650 Musa
1017 1616 1127 1651 vetat
1148 1608 1290 1666 moriz]

357 1669 468 1710 caelo
492 1668 618 1710 Musa
642 1670 746 1711 beat.
773 1671 831 1711 sic
853 1670 966 1712 Iovis
989 1671 1158 1713 interest

356 1731 503 1785 optatis
529 1731 658 1786 epulis
682 1732 855 1788 impiger
877 1732 1078 1774 Hercules
1086 1750 1098 1783 3

356 1831 508 1872 clarum
533 1831 792 1886 Tyndaridae
818 1833 929 1874 sidus
955 1832 1006 1874 ab
1029 1833 1178 1875 infimis

356 1907 526 1946 quassas
552 1893 725 1948 eripiunt
748 1894 991 1947 aequoribus
1015 1901 1141 1945 rates3

356 1961 519 1996 ornatus
544 1955 663 1996 viridi
686 1962 868 2010 tempora
890 1955 1084 2011 pampino

353 2015 482 2058 Liber
504 2023 598 2058 vota
622 2016 750 2058 bonos
776 2017 887 2058 ducit
909 2017 962 2058 ad
985 2018 1130 2059 exitus.

645 2237 903 2276 CARMEN
931 2238 1011 2275 IX.

470 2342 537 2374 AD
563 2343 612 2374 M.
637 2342 855 2375 LOLLIUM
879 2343 1182 2376 PALICANUM.

351 2434 414 2476 Ne
437 2435 541 2477 forte
566 2435 706 2477 credas
730 2435 955 2485 interitura,
981 2450 1085 2489 quae

352 2497 472 2553 longe
497 2504 710 2539 sonantem
732 2503 850 2539 natus
875 2497 927 2538 ad
951 2496 1149 2538 Aufidum

406 2574 489 2601 non
512 2565 604 2601 ante
628 2559 814 2615 vulgatas
838 2574 911 2614 per
933 2567 1039 2601 artes

463 2621 586 2665 verba
608 2621 751 2677 loquor
775 2621 965 2664 socianda
988 2621 1159 2665 chordis.
