1500 2820
162 175 215 218 88

96 361 138 391 70

95 696 136 727 75

94 1695 136 1726 10

93 2029 133 2060 15

91 2364 133 2395 20

591 185 634 227 Q.
654 182 867 221 HORATII
881 184 1063 225 FLACOE

356 286 596 343 Carthagini
618 287 698 329 iam
722 302 805 330 non
829 302 904 344 ego
929 289 1091 331 nuntios

355 349 511 391 mittam
536 348 751 404 superbos:
776 350 940 400 occidit,
965 350 1110 392 occidit

409 425 502 466 spes
527 411 658 453 omnis
683 417 722 453 et
744 411 906 453 fortuna
928 413 1054 454 nostri

463 472 636 514 nominis
661 472 921 514 Hasdrubale
944 474 1168 517 interemto.

353 561 409 602 nil
435 560 631 603 Claudiae
654 577 736 604 non
758 562 967 617 perficient
989 579 1146 614 manus,

353 637 455 677 quas
481 629 520 665 et
543 623 721 678 benigno
744 625 909 665 numine
933 624 1115 680 Iuppiter

410 685 593 726 defendit
616 691 656 726 et
680 699 800 727 curae
824 700 991 741 sagaces

464 747 685 802 expediunt
706 761 779 802 per
802 754 921 789 acuta
944 747 1078 790 belli.“

659 894 997 934 GARMENV.

535 988 626 1020 AD
673 987 1117 1023 AUGUSTUM.

324 1070 446 1112 Divis
470 1077 555 1112 orte
579 1070 716 1122 bonis,
741 1072 891 1126 optime
913 1070 1114 1114 Romulae

324 1138 461 1174 custos
485 1133 631 1188 gentis,
657 1132 754 1174 abes
778 1133 859 1174 iam
883 1133 1052 1174 nimium
1075 1134 1162 1185 diu3

324 1200 527 1235 maturum
550 1194 726 1236 reditum
748 1194 951 1248 pollicitus
975 1201 1136 1249 patrum

408 1261 547 1297 sancto
572 1255 758 1305 concilio,
782 1256 881 1297 redi.

323 1344 455 1386 lucem
479 1345 602 1386 redde
627 1351 738 1395 tuae,
764 1345 848 1386 dux
871 1344 994 1395 bone,
1019 1346 1190 1400 patriae3

324 1407 449 1447 instar
472 1406 578 1447 veris
603 1407 710 1447 enim
733 1407 869 1447 vultus
892 1406 964 1448 ubi
987 1413 1080 1449 tuus

324 1467 477 1509 affulsit
499 1468 668 1522 populo,
694 1468 846 1523 gratior
868 1468 900 1508 it
923 1467 1008 1509 dies

406 1536 446 1570 et
470 1529 575 1571 soles
600 1529 744 1570 melius
768 1530 907 1570 nitent.

324 1626 370 1661 ut
392 1626 522 1661 mater
543 1620 750 1670 iuvenem,
775 1635 896 1674 quem
919 1620 1050 1662 Notus
1075 1621 1212 1662 invido

323 1682 422 1723 flatu
447 1680 657 1736 Carpathii
680 1687 790 1722 trans
814 1682 936 1723 maris
961 1696 1137 1735 aequora

323 1748 579 1784 cunctantem
604 1742 733 1797 spatio
756 1743 917 1798 longius
941 1758 1075 1785 annuo

406 1804 516 1845 dulci
539 1804 703 1846 distinet
726 1820 750 1845 a
774 1804 907 1854 domo,

323 1893 430 1935 votis
455 1893 738 1948 ominibusque
762 1900 802 1935 et
824 1893 1013 1949 precibus
1038 1900 1167 1944 vocat,

324 1969 448 1996 curvo
471 1969 547 1996 nec
569 1955 718 1997 faciem
740 1955 854 1998 litore
879 1956 1074 2005 dimovet3

325 2017 383 2057 sic
407 2017 617 2058 desideriis
641 2017 722 2058 icta
744 2017 931 2059 fidelibus

405 2078 562 2131 quaerit
583 2078 713 2132 patria
738 2077 968 2120 Caesarem.

323 2173 434 2209 tutus
458 2167 533 2209 bos
558 2168 707 2209 etenim
730 2183 824 2210 rura
846 2168 1111 2223 perambulat,

322 2230 447 2270 nutrit
469 2244 563 2270 rura
587 2228 712 2271 Ceres
738 2230 924 2284 almaque
947 2229 1168 2280 Faustitas,

322 2296 511 2346 pacatum
535 2291 704 2333 volitant
726 2306 798 2346 per
821 2306 931 2333 mare
955 2291 1127 2342 navitae,

408 2354 560 2408 culpari
583 2353 726 2395 metuit
748 2354 886 2404 Fides,

322 2443 443 2484 nullis
467 2442 659 2497 polluitur
682 2450 794 2485 casta
817 2443 962 2485 domus
988 2443 1150 2498 stupris,

323 2519 411 2545 mos
437 2511 476 2545 et
499 2505 566 2545 lex
589 2505 839 2546 maculosum
865 2505 1043 2546 edomuit
1066 2505 1181 2546 nefas

322 2566 537 2607 laudantur
561 2567 681 2607 simili
704 2566 815 2621 prole
838 2580 1071 2621 puerperae,

406 2628 566 2682 culpam
589 2642 720 2684 poena
743 2628 888 2684 premit
912 2642 1059 2670 comes.
