1500 2820
399 176 698 215 SATIRARUM
718 177 818 213 LIB.
835 177 886 214 IL
1242 167 1323 211 171

30 334 35 337 ,
64 298 78 342 j
155 283 281 328 hodie
303 284 586 336 meminisses,
613 282 791 338 Quinte,
815 284 1009 326 reverti.“
1036 309 1092 316 -

95 348 107 360 ⁶
154 354 197 392 at
218 347 284 391 his
310 362 410 391 cura
431 347 658 390 Maecenas
684 347 805 404 signa
829 347 1034 390 tabellis.“
1060 373 1116 379 —-

0 422 6 428 ⁷
77 411 88 423 ‘
118 443 131 464 ,
155 411 381 468 Experiar:
408 411 472 464 „si
494 411 578 461 vis,
601 413 768 467 potes‚“
795 410 910 453 addit
935 417 976 453 et
998 411 1138 454 instat.

110 490 162 518 us
186 481 334 518 octavo
357 474 524 531 propior
546 474 631 516 iam
654 473 808 531 fugerit
833 489 979 525 annus,
1352 485 1397 517 40

31 540 118 596 ⁴'huo
141 537 369 581 Maecenas
393 552 461 580 me
486 537 622 594 coepit
644 536 798 580 habere
824 552 993 579 suorum

13 595 216 652 dumeto,
242 601 444 643 duntaxat
467 601 522 642 ad
544 600 642 652 hoc,
667 614 793 655 quem
818 600 960 643 tollere
983 600 1113 643 rheda

0 659 83 709 Ἡδὲ
104 663 183 707 iter
205 663 384 715 faciens,
411 670 452 706 et
476 663 543 706 cui
567 664 814 706 concredere
838 679 973 721 nugas

0 721 51 774 αἳ
61 742 216 786 genus:
241 727 346 770 hora
369 733 495 782 quota
518 727 608 770 est?
632 727 776 769 Thrax
800 733 864 770 est
890 726 1057 770 Gallina
1084 726 1192 784 Syro
1216 727 1317 784 par?

0 790 160 843 ndutina
182 805 330 847 parum
355 796 500 833 cautos
524 790 608 832 iam
631 790 788 848 frigora
811 791 1020 843 mordent3
1353 804 1397 835 45

10 844 128 914 «Quae
151 853 307 896 rimosa
330 853 436 896 bene
461 854 724 910 deponuntur
746 854 791 896 in
815 869 932 896 aure:

0 916 186 970 affictum
209 916 290 960 hoc
314 923 477 973 tempus
504 916 726 960 subiectior
748 918 793 959 in
817 918 928 960 diem
952 924 993 960 et
1016 917 1162 960 horam

0 975 148 1034 midiae.
179 986 321 1022 noster
343 979 464 1022 ludos
491 987 751 1036 spectaverat
774 996 870 1032 una,

0 1044 111 1096 mitat
133 1043 176 1085 in
200 1057 366 1100 campo:
394 1043 630 1096 „Fortunae
654 1043 811 1094 filius,“
838 1059 996 1087 omnes.

0 1103 133 1166 &dus
157 1121 183 1149 a
205 1107 348 1149 rostris
373 1113 514 1149 manat
537 1122 612 1163 per
636 1107 817 1163 compita
840 1123 999 1150 rumor:
1354 1120 1396 1152 50

1 1168 207 1225 'deumque
231 1169 378 1212 obvius
403 1176 485 1221 est,
511 1185 578 1212 me
603 1170 799 1213 consulit:
827 1186 878 1223 „o
902 1170 1030 1222 bone,
1056 1186 1153 1213 nam
1178 1177 1218 1213 te

0 1235 81 1284 hue,
106 1233 206 1275 deos
231 1233 428 1288 quoniam
450 1233 620 1289 propius
646 1233 874 1290 contingis,
900 1240 1074 1290 oportet,

0 1303 58 1346 m
80 1295 182 1351 quid
205 1296 256 1338 de
281 1295 413 1338 Dacis
437 1296 647 1339 audisti?“
669 1322 723 1328 —
745 1297 830 1349 „nil
854 1297 1088 1352 equidem.“
1109 1323 1164 1328 —-
1186 1303 1259 1349 „ut
1282 1303 1327 1339 tu

0 1352 122 1415 ufiper
144 1358 224 1401 eris
249 1359 446 1402 derisor.“
472 1384 528 1390 --
556 1366 623 1412 „at
648 1374 792 1402 omnes
818 1359 861 1402 di
884 1360 1097 1417 exagitent
1120 1375 1200 1411 me,

2 1421 285 1481 ‘quidquamfl
310 1447 367 1453 —
392 1422 544 1477 „quid?
567 1422 767 1465 militibus
791 1423 999 1479 promissa
1023 1423 1246 1478 Triquetra
1351 1438 1393 1469 55

0 1483 125 1534 :fidia
149 1483 308 1528 Caesar
331 1500 385 1528 an
409 1492 472 1528 est
496 1485 604 1528 Itala
627 1486 773 1528 tellure
798 1486 1028 1529 daturus?“

0 1543 159 1604 statem
182 1564 250 1591 me
275 1549 380 1592 scire
403 1549 506 1592 nihil
530 1550 703 1592 miratur
725 1556 772 1592 ut
795 1565 927 1592 unum

0 1602 114 1664 {fficet
137 1612 296 1669 egregii
318 1613 535 1655 mortalem
559 1613 713 1668 altique
739 1613 888 1656 silenti.

0 1669 143 1727 &itur
165 1675 269 1718 haec
291 1676 398 1718 inter
421 1677 573 1719 misero
597 1677 671 1718 lux
694 1692 779 1720 non
804 1678 894 1719 sine
918 1678 1047 1720 votis:

0 1729 96 1798 Γᾷιε,
121 1739 288 1794 quando
311 1754 391 1797 ego
417 1746 456 1782 te
481 1741 727 1797 adspiciam,
753 1741 1004 1796 quandoque
1028 1740 1168 1784 licebit
1355 1752 1398 1784 60

0 1800 69 1873 ⁸3⁰
91 1807 279 1844 veterum
301 1802 417 1846 libris
441 1818 552 1845 nunc
578 1819 723 1846 somno
748 1811 790 1846 et
812 1803 1014 1846 inertibus
1038 1804 1150 1847 horis

0 1874 109 1911 neore
133 1864 332 1908 sollicitae
355 1866 537 1908 iucunda
561 1866 715 1909 oblivia
738 1867 874 1909 vitae?

0 1919 173 1985 minando
197 1927 296 1971 faba
317 1928 585 1986 Pythagorae
610 1936 788 1987 cognata
813 1929 1020 1985 simulque

1 1991 82 2035 t&
105 1990 205 2033 satis
229 1991 375 2048 pingui
398 1998 605 2048 ponentur
628 1992 815 2035 oluscula
838 1993 980 2035 lardo?

0 2043 149 2099 nicetes
174 2068 409 2110 coenaeque
434 2055 578 2106 deum,
604 2055 755 2110 quibus
779 2056 870 2112 ipse
895 2056 1060 2112 meique
1353 2069 1396 2101 65

0 2103 55 2159 ὦ
74 2115 204 2159 larem
226 2119 440 2174 proprium
468 2134 615 2161 vescor
638 2134 870 2174 vernasque
895 2135 1092 2176 procaces

0 2175 85 2236 ειῷο
107 2178 245 2222 libatis
269 2181 467 2237 dapibus!
492 2189 614 2238 prout
639 2182 788 2238 cuique
811 2183 940 2226 libido
966 2190 1040 2234 est,

54 2296 57 2298 q
107 2242 348 2298 inaequales
373 2245 522 2288 calices
548 2246 724 2288 conviva
748 2246 909 2289 solutus

0 2338 6 2348 .
70 2319 121 2348 us
144 2306 321 2357 insanis,
348 2323 423 2350 seu
446 2308 540 2363 quis
565 2309 674 2365 capit
698 2309 809 2352 acria
831 2310 950 2352 fortis

113 2401 125 2420 ‚
151 2385 227 2412 seu
250 2371 423 2414 modicis
447 2373 609 2415 uvescit
632 2373 793 2415 laetius.
827 2388 926 2431 ergo
1352 2385 1395 2418 70

3 2446 9 2451 ·
68 2445 94 2473 ο
118 2432 263 2483 oritur,
289 2449 371 2476 non
395 2435 446 2477 de
470 2435 579 2478 villis
604 2436 850 2479 domibusve
879 2437 1037 2488 alienis,

54 2512 57 2515 ⁵
143 2509 165 2537 e
189 2510 319 2538 necne
341 2497 486 2554 Lepos
512 2499 649 2550 saltet3
676 2499 768 2550 sed,
794 2500 907 2555 quod
930 2501 1065 2557 magis
1091 2500 1144 2543 ad
1168 2515 1244 2543 nos

12 2586 17 2591 -
93 2563 134 2599 et
158 2566 198 2600 et
221 2560 380 2602 nescire
404 2560 561 2603 malum
585 2568 667 2613 est,
693 2563 919 2620 agitamus:
946 2569 1136 2605 utrumne

78 2619 90 2629 “
135 2620 324 2665 homines
350 2639 402 2665 an
427 2624 508 2666 sint
530 2624 682 2667 virtute
707 2626 835 2678 beati3

89 2697 113 2725 e
136 2684 191 2727 ad
213 2685 433 2738 amicitias,
459 2702 560 2730 usus
584 2695 814 2739 rectumne,
840 2689 975 2733 trahat
998 2703 1094 2741 nos;
1349 2701 1391 2734 75
