1500 2820
453 157 822 196 EPISTOLARUM
843 157 943 194 LIB.
961 157 991 195 1.

39 293 41 303 ι
120 265 385 324 tangendus
410 279 556 321 equus.
588 278 698 321 „quo
722 263 884 307 tendis?
905 279 991 307 non
1014 263 1116 306 mihi
1141 263 1301 307 Cumas

50 323 84 379 1⁴⁵
119 330 199 374 iter
219 335 292 373 aut
314 328 490 380 Baias,“
515 327 636 371 laeva
660 327 949 371 stomachosus
973 327 1137 370 habena

28 420 35 434 ε
62 382 74 448 j*
101 399 143 437 et
165 407 293 448 eques
300 409 314 444 ;
339 392 415 436 sed
438 391 557 447 equis
581 391 742 435 frenato
767 398 831 434 est
854 391 966 433 auris
990 390 1035 433 in
1057 406 1140 434 ore.
1166 416 1218 423 -

75 457 164 500 ”-“οι·
185 462 326 498 utrum
347 455 550 513 populum
573 454 770 497 frumenti
794 454 914 511 copia
936 460 1095 511 pascat,

113 526 282 563 eetosne
305 518 452 562 bibant
473 518 627 562 imbres
652 525 856 575 puteosne
880 532 1084 574 perennes

27 611 32 619 ·
62 606 79 620 ·‹
106 583 166 626 cis
190 597 342 638 aquae3
367 598 466 626 nam
489 583 586 625 vina
608 582 711 624 nihil
735 597 873 624 moror
895 581 1006 624 illius
1031 596 1140 624 orae.

48 668 86 702 ·;2'
111 666 118 671 ·
148 661 244 690 meo
266 661 441 704 possum
465 646 630 702 quidvis
654 645 837 702 perferre
861 644 1030 701 patique
1038 661 1050 696 ;

62 1006 73 1017 ,,
119 969 188 1006 tus
212 968 305 1005 uter
327 962 466 1019 plures
490 963 674 1019 lepores,
699 969 792 1005 uter
814 963 964 1005 educet
987 977 1129 1018 apros3

57 1025 63 1028 ”
147 1026 283 1083 magis
306 1027 445 1083 pisces
470 1033 510 1068 et
535 1027 704 1069 echinos
730 1041 911 1082 aequora
936 1026 1070 1068 celent

17 1086 199 1150 JQuis
222 1095 270 1132 ut
292 1089 389 1131 inde
414 1090 585 1132 domum
608 1090 768 1146 possim
792 1089 1047 1145 Phaeaxque
1070 1089 1232 1141 reverti,

19 1151 212 1209 {qm-ibere
237 1158 278 1194 te
301 1152 441 1203 nobis,
467 1152 542 1195 tibi
565 1168 642 1195 nos
667 1153 889 1195 adcredere
912 1168 990 1209 par
1013 1159 1088 1195 est.

20 1205 250 1267 [flaeniuffi
274 1222 323 1258 ut
345 1215 471 1258 rebus
495 1216 692 1259 maternis
719 1224 843 1272 atque
866 1217 1050 1272 paternis

116 1277 193 1320 'ter
216 1277 420 1321 absumtis
446 1278 630 1322 urbanus
656 1280 792 1336 coepit
814 1279 970 1330 haberi,

55 1356 174 1390 urra
196 1357 351 1399 vagus,
376 1357 461 1385 non
485 1343 557 1398 qui
581 1350 739 1386 certum
762 1358 964 1400 praesepe
988 1349 1158 1394 teneret,

35 1450 38 1451 ⁷
58 1458 71 1462 ..
87 1419 267 1462 pransus
291 1420 376 1448 non
399 1406 471 1460 qui
496 1406 630 1448 civem
655 1407 919 1464 dignosceret
942 1406 1074 1458 hoste,

115 1467 239 1511 elibet
261 1468 306 1510 in
329 1469 519 1524 quemvis
545 1469 766 1526 opprobria
789 1470 946 1527 fingere
971 1485 1135 1521 saevus,

59 1534 66 1539 ’
132 1531 232 1574 ieies
258 1537 299 1574 et
322 1538 548 1588 tempestas
574 1532 897 1588 barathrumque
921 1533 1096 1584 macelli,

89 1593 232 1650 ’dquid
256 1595 508 1650 quaesierat,
534 1596 669 1637 ventri
694 1596 876 1639 donabat
900 1612 1037 1639 avaro.

54 1656 99 1705 [⁹0
121 1656 194 1700 ubi
217 1657 424 1713 nequitiae
449 1658 682 1702 fautoribus
708 1666 749 1702 et
773 1660 927 1703 timidis
952 1660 1011 1702 nil

14 1739 20 1761 ι
86 1725 104 1762 t
124 1720 311 1777 paullum
336 1720 582 1773 abstulerat,
608 1723 772 1778 patinas
799 1723 1001 1766 coenabat
1025 1723 1158 1766 omasi

17 1772 125 1852 {ihs
148 1790 190 1826 et
212 1784 408 1841 agninae,
434 1784 566 1827 tribus
590 1786 700 1828 ursis
725 1787 838 1841 quod
863 1787 963 1829 satis
989 1793 1118 1838 esset3

28 1845 189 1954 &licet
212 1854 259 1889 ut
281 1853 448 1890 ventres
471 1847 612 1890 lamna
637 1850 839 1892 candente
863 1860 1063 1906 nepotum

30 1931 46 1960 ¹.
61 1907 186 1952 ‘oeret
208 1910 408 1962 urendos,
435 1918 644 1954 correctus
669 1912 852 1955 Bestius.
884 1914 995 1956 idem

31 1960 234 2033 Quidquid
257 1979 345 2015 erat
368 1980 515 2016 nactus
539 1975 719 2031 praedae
743 1976 930 2027 maioris,
956 1975 1027 2019 ubi
1053 1991 1175 2019 omne

29 2040 210 2089 &ei-terat
232 2035 278 2078 in
301 2036 465 2079 fumum
489 2043 531 2079 et
555 2037 754 2090 cinerem,
779 2038 820 2081 N
820 2054 875 2081 on
898 2039 1084 2082 Hercule
1108 2039 1247 2091 miror,

29 2088 186 2159 fiebat,
213 2100 249 2142 si
272 2101 344 2156 qui
368 2101 590 2144 comedunt
614 2101 742 2154 bona,
768 2117 897 2158 quum
923 2104 977 2146 sit
1001 2103 1128 2147 obeso

0 2182 1 2223 3
22 2162 61 2178 ·’
112 2162 261 2206 melius
285 2163 426 2216 turdo,
451 2164 511 2206 nil
532 2165 659 2208 vulva
682 2166 895 2223 pulchrius
920 2167 1070 2223 ampla.

45 2229 65 2261 ἰ
88 2225 131 2263 ··'
194 2247 216 2265 ι·
250 2227 319 2270 hic
341 2242 422 2285 ego
447 2243 560 2280 sum3
584 2245 682 2272 nam
706 2237 797 2273 tuta
820 2237 861 2273 et
883 2231 1058 2288 parvula
1080 2231 1219 2283 laudo,

102 2308 109 2325 ·
131 2309 153 2327 n
185 2304 252 2332 res
277 2290 491 2342 deficiunt,
517 2292 618 2335 satis
642 2293 749 2336 inter
771 2294 870 2337 vilia
893 2294 1031 2346 fortis3

45 2398 66 2417 .-
146 2372 168 2389 n
201 2352 275 2395 ubi
298 2354 399 2409 quid
421 2355 570 2398 melius
595 2357 798 2416 contingit
822 2365 863 2400 et
886 2359 1070 2410 unctius,
1095 2359 1207 2402 idem

51 2436 80 2475 νι
95 2436 104 2454 ;
134 2431 280 2473 sapere
304 2422 346 2459 et
370 2417 481 2461 solos
506 2419 572 2462 aio
595 2419 703 2463 bene
726 2422 885 2474 vivere,
912 2437 1088 2478 quorum

47 2485 52 2488 '
69 2499 76 2515 ι
96 2500 102 2515 ι
119 2499 128 2517 ;
146 2479 285 2523 icitur
306 2480 447 2524 nitidis
471 2481 644 2526 fundata
666 2486 844 2541 pecunia
867 2486 988 2528 villis.

1320 147 1402 192 197

1431 529 1472 561 15

1428 845 1473 878 20

1430 1163 1473 1196 25

1430 1480 1474 1512 30

1430 1798 1473 1830 35

1427 2116 1472 2148 40

1427 2433 1470 2464 45
