1572 2756
1560 121 1572 148 ς

139 171 195 203 VI
639 172 691 199 mi
713 171 805 200 vira
825 172 875 199 ET
899 170 1058 199 SCRIPTIS
1559 158 1566 187 *2

138 247 206 283 illa
216 248 339 282 aetate
349 244 499 292 publice
511 248 697 291 gestarum
715 243 839 280 discri-
862 247 937 280 tam
956 255 1037 280 cum
1055 245 1130 280 vita
1147 247 1257 292 atque
1271 245 1403 281 studiis
1414 244 1567 282 Horatii

139 292 249 336 mina,
256 294 298 326 ut
309 290 426 326 omnis
440 290 518 326 eius
528 293 705 336 tanquam
711 288 840 324 fabula
862 289 1026 324 habeant
1039 289 1330 327 coniunctionem
1348 300 1393 326 ac
1403 290 1572 326 necessi-³

138 336 240 371 haud
251 335 480 370 incommode
491 334 530 368 iii
542 339 647 369 actus
661 333 839 379 quosdam
862 334 1043 378 tudinem,
1068 337 1109 367 ut
1121 334 1198 369 iure
1211 334 1334 370 dicere
1345 335 1473 379 liceat,
1496 335 1563 371 illa

141 380 414 424 describiposse
422 379 596 414 videatur.
608 378 840 413 Potestenim
863 378 944 423 ipsa
955 378 994 412 in
1011 378 1056 412 iis
1068 382 1142 412 tam
1170 389 1254 414 uam
1268 389 1486 424 repercussa
1498 380 1562 415 ali-

138 425 231 459 illud
243 435 309 469 pro
322 424 499 458 varietate
512 434 642 468 rerum,
657 433 752 468 quae
764 426 839 456 tum
864 433 936 467 qua
948 433 1068 457 rerum
1085 389 1315 473 puffiicmm
1331 424 1490 469 imagine
1503 435 1562 459 ex-

141 472 358 513 evenerunt,
379 471 416 503 et
431 478 498 513 pro
518 468 705 511 fortunae,
732 478 839 512 quam
863 478 992 511 pressa
1001 477 1110 501 cerni.
1126 467 1561 508 Quodtameniisminime

139 525 199 549 res
223 513 389 548 Romana
424 512 552 556 subiit,
588 511 839 546 vicissitudine
863 511 991 545 mirum
1014 511 1173 555 accidet,
1200 512 1261 556 qui
1278 522 1402 548 secum
1417 516 1562 557 reputa-

139 558 242 593 nullo
261 557 412 602 negotio
430 557 468 590 in
486 559 561 591 tres
580 556 692 590 dividi
704 560 839 601 partes.
863 556 997 600 verint,
1019 555 1236 599 scriptorum
1249 559 1286 590 et
1296 561 1488 601 poetarum
1499 569 1563 592 an-

139 602 285 638 Etenim
297 600 840 646 primaquidemeiusparticula
863 600 1043 646 tiquitatis
1074 600 1219 635 omnino
1249 601 1345 635 lianc
1369 601 1482 636 fuisse
1511 601 1563 636 vi-

142 646 396 692 complectitur
410 645 585 690 temporis
597 645 695 679 illius
707 655 840 679 memo·
866 644 974 679 vendi
989 645 1254 690 conditionem,
1272 645 1336 679 uti
1365 656 1485 680 sorum
1501 657 1561 681 res

139 692 243 735 riam,
258 701 330 736 quo
343 690 520 735 pristinae
534 690 759 734 reipublicae
769 694 839 723 sta·
864 692 974 734 atque
985 689 1169 724 scribendi
1178 689 1330 724 consilia
1354 700 1414 725 ere
1426 690 1562 724 arctius

139 742 200 771 tus
214 735 444 780 quantumvis
459 735 593 768 dudum
606 733 839 768 essetmisere
866 744 946 768 cum
970 734 1080 768 rebus
1104 734 1262 778 publicis
1289 733 1564 768 continerentur

140 781 388 815 labefactatus
417 778 724 823 vehementerque
757 789 838 812 con-
864 778 981 823 iisque
1002 789 1114 822 saepe
1134 778 1242 812 etiam
1260 779 1372 829 plane
1389 781 1564 822 attempe-

142 828 348 870 quassatus,
362 828 484 858 tamen
493 823 771 867 nondumplane
781 823 841 857 de·
864 826 1042 857 rarentur.
1082 823 1213 867 Itaque
1235 826 1311 857 vita
1327 822 1473 857 Horatii
1495 832 1564 866 pro

140 870 258 904 iectus
273 872 351 904 erat
364 869 408 902 de
421 867 660 902 fundamento
675 877 758 910 suo,
783 878 841 900 us·
866 866 1107 901 communium
1124 870 1329 912 temporum
1348 865 1566 901 vicissitudi-

142 925 213 959 que
227 914 312 947 dum
323 913 473 946 tandem
487 911 713 956 optimatium
731 911 841 956 parti-
865 911 993 955 nibus,
1019 922 1113 956 quae
1137 915 1213 946 tum
1239 914 1454 956 evenerunt,
1477 910 1565 945 item

140 959 212 993 bus
226 957 378 992 devictis
396 956 541 1001 penitus
562 956 841 990 convelleretur.
865 959 990 1000 potest
1001 956 1039 990 in
1051 959 1126 990 tres
1141 955 1301 1000 dispesci
1312 959 1448 1000 partes,
1495 965 1564 990 uae

142 1003 250 1044 Quod
264 1001 589 1047 quidemtemporis
599 1000 755 1045 spatium
790 1010 841 1034 er-
865 1012 980 1045 prope
995 1001 1043 1035 ad
1055 999 1227 1034 amussim
1247 1011 1327 1035 cum
1340 999 1459 1034 tribus
1476 1011 1489 1033 1
1505 999 1563 1044 lis,

140 1047 234 1082 tinet
256 1057 373 1091 usque
398 1046 445 1080 ad
462 1056 623 1090 pugnam
641 1045 741 1089 apud
790 1044 842 1078 hi·
867 1056 957 1090 quas
970 1045 1172 1089 posuimus,
1185 1047 1390 1089 temporum
1401 1043 1565 1089 periodis

139 1092 263 1136 lippos
282 1102 314 1125 a.
331 1101 367 1124 u.
386 1090 460 1124 712.
480 1089 555 1124 sive
574 1089 628 1124 42.
653 1101 684 1124 a.
706 1087 789 1123 Chr.
807 1101 842 1122 n.
868 1089 1391 1134 congruuntsstenimpueritia
1399 1088 1565 1123 etadole-

142 1135 381 1178 commissam,
391 1134 523 1180 quaita
531 1133 842 1178 evenit,ut‚quem-
868 1133 1009 1168 scentia
1021 1133 1149 1178 ipsius,
1171 1144 1244 1178 qua
1256 1133 1445 1178 educatus,
1463 1132 1565 1167 insti-

141 1180 338 1216 admodum
363 1178 515 1213 Tacitus
540 1179 631 1221 ait‚1
666 1178 780 1212 Bruto
806 1181 844 1212 et
867 1182 966 1212 tutus
991 1182 1030 1213 et
1057 1179 1106 1212 ad
1134 1177 1397 1212 humanitatem
1421 1177 1566 1212 confor-

143 1225 273 1262 Cassio
300 1223 436 1267 caesis,
461 1223 564 1257 nulla
590 1223 662 1257 iam
686 1222 842 1267 amplius
866 1226 985 1257 matus
1000 1226 1066 1266 est,
1085 1233 1202 1267 usque
1217 1223 1301 1256 dum
1313 1221 1471 1268 denique
1491 1232 1566 1257 cer·

139 1270 276 1315 publica
293 1279 392 1303 arma
411 1271 655 1312 superessent.
695 1267 751 1300 Ex
770 1277 841 1312 quo
867 1271 943 1302 tum
967 1278 1010 1302 ac
1041 1267 1282 1302 deliberatum
1310 1265 1458 1301 vivendi
1481 1277 1566 1301 con-

141 1319 307 1358 tempore
322 1313 462 1347 orditur
474 1313 590 1346 altera
602 1311 720 1356 istius,
760 1323 843 1346 uam
868 1312 987 1346 silium
999 1312 1119 1356 iniret,
1127 1311 1256 1346 incidit
1266 1311 1304 1345 in
1315 1310 1380 1345 illa
1386 1314 1566 1355 tempora,

143 1357 427 1403 designavimus,
447 1357 580 1391 aetatis
596 1368 693 1400 pars.
767 1356 842 1390 imi—
868 1357 1000 1402 quibus
1013 1356 1157 1390 inclusa
1167 1355 1316 1390 fuerunt
1332 1366 1426 1400 quae
1445 1354 1531 1390 inde
1544 1365 1567 1390 a

143 1407 263 1438 catum
287 1402 383 1437 em'm
401 1401 534 1435 dehine
553 1412 627 1435 non
651 1411 717 1445 pro
737 1411 842 1446 repu-
866 1401 982 1446 prima
1001 1399 1214 1435 Catilinaria
1239 1399 1489 1434 coniuratione
1507 1410 1567 1433 us-

142 1448 242 1483 blica
255 1451 322 1491 est,
343 1447 408 1481 sed
420 1457 486 1490 pro
501 1446 710 1488 ambitione,
732 1456 843 1490 quan-
868 1456 937 1490 que
951 1446 999 1479 ad
1011 1456 1172 1490 pugnam
1185 1444 1476 1489 Philippensem,
1495 1443 1567 1478 hoc

144 1491 341 1538 doquidem
354 1497 471 1525 ortum
485 1494 668 1524 certamen
682 1494 738 1524 est
749 1491 844 1524 inter
868 1493 1059 1534 est,usque
1073 1490 1120 1524 ad
1134 1500 1299 1523 eversum
1310 1488 1487 1566 pristinae
1499 1487 1567 1523 rei-

144 1537 326 1582 singulos,
351 1535 413 1580 qui
436 1535 679 1579 principatum
697 1534 734 1568 in
759 1534 843 1568 civi—
867 1534 1038 1579 publicae
1058 1538 1208 1577 statum,
1231 1533 1307 1578 pub
1325 1533 1380 1568 ice
1399 1537 1507 1578 gesta
1524 1543 1568 1568 ac

142 1586 219 1616 tate
244 1579 467 1615 affectabant
492 1583 528 1614 et
559 1591 697 1613 summa
725 1590 845 1613 rerum
869 1582 1041 1622 suscepta
1061 1582 1160 1622 sunt,
1185 1578 1220 1612 h.
1235 1588 1266 1612 e.
1284 1588 1402 1623 usque
1420 1577 1469 1612 ad
1487 1587 1566 1612 au·

145 1625 254 1671 potiri
275 1625 520 1666 conabantur,
546 1624 715 1658 omnibus
734 1623 844 1658 rebus
869 1623 947 1657 712.
981 1623 1037 1656 Ex
1050 1633 1122 1668 quo
1136 1626 1300 1667 tempore
1314 1622 1457 1656 initium
1470 1621 1570 1672 cepit

144 1671 276 1704 misero
296 1669 454 1714 partium
473 1669 592 1702 studio
611 1668 844 1713 perturbatis.
868 1668 933 1702 illa
955 1667 1070 1712 ipsius
1096 1671 1214 1710 aetas,
1241 1677 1314 1711 qua
1336 1666 1491 1711 primum
1513 1677 1566 1701 in·

146 1715 247 1756 Quae
263 1714 408 1760 quidem
419 1714 600 1747 variarum
613 1713 768 1757 partium
781 1724 844 1756 pu-
870 1723 1016 1757 gressus
1047 1715 1105 1746 est
1131 1711 1251 1745 laudis
1275 1711 1445 1755 poeticae
1474 1710 1570 1745 viam

145 1771 220 1804 gna
239 1763 276 1794 et
294 1757 477 1792 contentio
497 1758 711 1802 perduravit
726 1767 844 1802 usque
870 1756 1057 1808 ediditque
1075 1755 1192 1800 prima
1209 1755 1398 1790 facultatis
1415 1754 1569 1800 ingenii—

145 1805 194 1838 ad
211 1814 371 1848 pugnam
384 1802 575 1836 Actiacam
594 1805 747 1836 exeunte
765 1813 796 1835 a.
809 1813 845 1835 u.
871 1811 942 1846 que
956 1812 1012 1834 sui
1030 1801 1249 1834 documenta
1260 1799 1400 1844 Epodis
1417 1799 1569 1834 maxime

146 1848 221 1882 723.
236 1848 311 1882 sive
325 1859 356 1882 a.
369 1847 423 1880 31.
438 1851 522 1881 ante
537 1846 619 1880 Chr.
631 1859 667 1880 n.
682 1846 845 1880 commis·
870 1849 982 1890 atque
997 1844 1125 1880 Satiris
1140 1844 1360 1888 scribendis,
1379 1844 1417 1878 in
1436 1843 1569 1888 quibus

147 1904 240 1935 sam,
263 1892 364 1926 cuius
383 1891 442 1925 hic
461 1891 531 1925 fuit
551 1891 685 1935 exitus,
710 1894 752 1924 ut
763 1901 846 1924 mox
871 1890 947 1924 fere
974 1900 1101 1924 sensus
1126 1889 1334 1923 acerbiores
1364 1899 1409 1922 ex
1438 1887 1568 1922 aetatis

147 1937 268 1971 omnia
280 1937 318 1970 in
329 1935 436 1970 unius
472 1935 619 1980 rincipis
627 1939 847 1980 potestatem
870 1934 1018 1968 tristitia
1030 1945 1074 1968 ac
1087 1933 1349 1978 depravatione
1368 1932 1488 1967 animo
1503 1942 1568 1966 suo

148 1981 402 2016 concederent.
446 1980 517 2014 nde
531 1991 618 2015 vero
631 1979 736 2015 tertia
749 1983 847 2014 aeta·
873 1983 1065 2023 susceptos
1101 1977 1296 2022 expressit,
1333 1988 1378 2012 ac
1412 1976 1568 2011 fortasse

146 2026 194 2059 tis
213 2025 437 2060 Horatianae
455 2028 641 2070 tamquam
661 2036 772 2059 scena
791 2035 847 2058 ce—
873 2023 982 2058 etiam
995 2022 1202 2068 pangendis
1215 2021 1339 2068 lyricis
1351 2020 1567 2067 quibusdam

147 2071 204 2115 pit
221 2069 379 2113 initium,
407 2081 500 2114 quae
513 2080 629 2114 usque
649 2070 695 2103 ad
715 2080 848 2103 annum
874 2067 1107 2112 carminibus,
1123 2077 1218 2112 quae
1235 2066 1384 2101 fuerunt
1396 2065 1501 2117 quasi
1518 2065 1566 2110 ly·

147 2118 280 2160 poetae
296 2114 533 2148 emortualem
547 2125 622 2157 p.u.
633 2125 662 2147 c.
677 2113 752 2147 746.
766 2124 848 2158 por·
873 2113 970 2147 ricae
978 2112 1102 2157 poesis
1115 2111 1269 2146 melicae
1280 2109 1471 2156 primitiae.
1485 2109 1566 2150 Qui-

147 2158 289 2203 rigitur,
304 2158 492 2208 habetque
505 2158 596 2191 illud
610 2162 764 2208 tempuS,
776 2168 847 2202 quo
874 2158 942 2191 bus
955 2157 1099 2201 quidem
1114 2155 1239 2190 studiis
1251 2154 1408 2200 poeticis
1418 2153 1522 2188 brevi
1534 2153 1566 2188 ie

147 2203 296 2237 tandem
308 2202 415 2236 unius
433 2202 586 2236 invaluit
600 2202 797 2236 dominatio
814 2206 851 2235 et
875 2205 932 2236 est
944 2205 1204 2246 consequutus,
1211 2207 1253 2234 ut
1265 2210 1340 2234 non
1347 2199 1455 2233 modo
1469 2198 1508 2232 in
1519 2197 1564 2233 in-

149 2246 340 2292 paullatim
352 2246 404 2280 ita
412 2246 624 2280 confirmata
638 2251 703 2289 est,
713 2250 753 2280 ut
767 2246 849 2280 civi-
874 2246 1042 2280 teriorem
1050 2243 1564 2295 praestantissimorumpoeta·

149 2291 216 2326 tati
235 2294 345 2325 antea
358 2291 537 2325 bellorum
557 2291 715 2324 civilium
733 2290 849 2324 flucti-
874 2302 963 2332 rum,
984 2290 1134 2335 quitum
1154 2289 1331 2332 vixerunt,
1350 2288 1518 2323 notitiam
1537 2297 1564 2322 e·

150 2337 220 2371 bus
239 2335 369 2369 misere
393 2335 551 2369 iactatae
576 2339 612 2368 et
634 2334 850 2368 tristissimis
875 2334 1159 2369 familiaritatem
1185 2332 1410 2379 perveniret,
1451 2342 1562 2366 verun

151 2383 409 2424 tempestatum
427 2380 600 2423 procellis
613 2379 774 2423 agitatae
788 2379 850 2412 ali-
877 2379 985 2413 etiam
1003 2379 1206 2423 principum
1223 2377 1260 2412 in
1272 2377 1463 2423 republica
1481 2375 1558 2411 viro

153 2425 299 2470 quando
313 2435 400 2468 pax,
422 2423 668 2468 tranquillitas
683 2435 725 2458 ac
738 2422 851 2457 felici·
875 2434 954 2456 rum
968 2423 1160 2468 colligeret
1177 2423 1333 2474 gratiam
1346 2425 1455 2467 atque
1472 2421 1558 2456 favo

152 2474 209 2503 tas
227 2468 378 2502 rediisse
398 2472 462 2502 aut
480 2472 576 2502 certe
596 2468 758 2502 reditura
771 2478 851 2501 esse
876 2478 961 2501 rem.
986 2467 1122 2502 Verum
1135 2477 1331 2502 enimvero
1345 2465 1494 2500 mutatis
1507 2476 1559 2517 pu

153 2513 347 2547 videretur.
381 2512 503 2557 Atque
518 2512 610 2546 haec
622 2513 702 2557 ipsa
714 2517 852 2562 tempo·
877 2511 1562 2556 blicorumtemporumrationibusetian

154 2569 233 2593 runi
251 2556 362 2591 veluti
379 2560 559 2591 momenta
583 2568 626 2590 ac
646 2557 854 2591 discrimina
879 2556 999 2590 studia
1018 2555 1095 2590 eius
1136 2557 1256 2591 oetiea
1271 2556 1424 2590 multum
1436 2557 1561 2589 mutata

155 2601 420 2646 propemodum
431 2601 558 2635 mirum
571 2601 670 2635 dictu
677 2605 734 2635 est
742 2612 853 2646 quan·
879 2604 972 2643 sunt,
981 2600 1018 2634 id
1027 2611 1098 2644 quo
1138 2600 1190 2635 ita
1203 2601 1339 2636 factum
1347 2603 1404 2635 est
1413 2602 1501 2644 post
1510 2609 1559 2643 pii

190 2661 205 2684 i
223 2659 297 2684 Ann.
310 2660 333 2684 1.
347 2660 372 2684 2.
879 2656 985 2689 gnam
1006 2643 1212 2689 Actiacam,
1235 2644 1300 2680 ubi
1314 2643 1448 2679 Caesar
1466 2642 1560 2682 Octa
