1500 2820
155 161 235 205 134
586 171 629 215 Q.
647 169 859 208 HORATII
874 170 1058 208 FLACCI

151 275 287 317 differt
310 275 504 325 sermoni,
530 289 663 317 sermo
686 289 834 318 merus.
859 301 907 306 -
939 283 1006 327 „at
1029 282 1144 332 pater
1165 277 1311 320 ardens

152 337 298 388 saevit,
322 337 432 392 quod
454 337 664 379 meretrice
686 351 813 393 nepos
836 337 1004 379 insanus
1029 338 1160 380 amica

85 413 128 444 50
150 399 257 440 filius
281 414 450 440 uxorem
473 399 618 455 grandi
642 413 734 440 cum
758 399 851 441 dote
874 406 1045 449 recuset,

151 460 286 502 ebrius
311 469 368 511 et,
394 475 590 516 magnum
613 461 723 514 quod
748 461 943 511 dedecus,
968 461 1148 504 ambulet
1171 469 1264 505 ante

150 530 311 564 noctem
335 537 428 564 cum
452 522 650 564 facibusf‘
675 547 729 552 ——
752 523 951 576 numquid
972 523 1224 579 Pomponius
1247 525 1336 566 istis

150 584 306 626 audiret
328 584 498 634 leviora,
523 590 639 639 pater
663 583 698 626 si
721 584 899 626 viveret?
922 599 1020 640 ergo
1478 602 1490 630 ,ε’

149 661 231 688 11011
256 647 353 688 satis
379 653 441 688 est
463 647 575 702 puris
599 661 763 687 versum
786 646 1036 702 perscribere
1059 646 1207 698 verbis,

83 722 125 753 55
149 723 270 763 quem
295 708 330 749 si
353 708 573 758 dissolvas,
599 708 732 762 quivis
758 709 1032 750 stomachetur
1054 709 1198 750 eodem

149 785 230 825 quo
253 776 494 826 peisonatus
518 776 638 825 pacto
661 776 787 825 pater.
811 770 894 820 his,
921 785 997 826 ego
1020 785 1124 825 quae
1147 786 1268 822 nunc,

149 832 246 874 olim
269 847 374 886 quae
399 832 560 887 scripsit
582 833 788 882 Lucilius,
815 833 960 887 eripias
986 833 1022 874 si

149 900 333 949 tempoia
350 901 459 935 certa
476 895 715 948 modosque,
741 901 781 936 et
805 895 914 948 quod
930 895 1043 950 prius
1067 895 1207 937 ordine
1230 894 1400 938 verbum
1424 901 1493 939 ese

147 956 350 1012 posterius
374 956 520 1006 facias,
545 971 799 1012 praeponens
823 956 966 998 ultima
986 957 1146 1012 primis;

84 1031 125 1062 60
148 1033 248 1068 non,
275 1024 319 1059 ut
344 1018 378 1060 si
403 1019 537 1060 solvas
565 1027 799 1074 „postquam
820 1019 1037 1060 Discordia
1062 1027 1160 1061 tetra

151 1081 242 1122 belli
254 1081 433 1136 ferratos
451 1088 584 1135 postes
601 1089 819 1136 portasque
841 1081 1040 1136 refreyit,“

148 1142 331 1183 invenias
357 1142 479 1182 etiam
503 1141 659 1183 disiecti
683 1141 866 1184 membra
888 1149 1046 1197 poetae.

148 1203 345 1244 hactenus
369 1203 488 1244 haec:
512 1203 613 1244 alias
635 1204 790 1244 iustum
813 1203 865 1245 sit
888 1218 1016 1246 necne
1039 1219 1198 1259 poema.

147 1279 255 1306 nunc
278 1265 379 1306 illud
403 1270 559 1305 tantum
583 1278 792 1318 quaeram,
818 1265 1015 1306 meritone
1038 1265 1112 1307 tibi
1136 1266 1189 1307 sit

84 1339 124 1371 65
150 1333 386 1381 suspectum
409 1340 540 1382 genus
564 1325 641 1367 1100
666 1325 879 1367 scribendi.
907 1325 1071 1369 Sulcius
1095 1342 1189 1369 acer

149 1388 331 1430 ambulat
355 1395 394 1430 et
420 1387 614 1443 Caprius,
638 1388 751 1429 rauci
774 1388 880 1430 male
905 1403 1078 1443 cumque
1101 1389 1261 1440 libellis,

148 1465 322 1507 magnus
347 1457 517 1504 uterque
541 1450 659 1491 timor
681 1450 924 1501 latronibus;
949 1457 991 1492 at
1013 1451 1118 1493 bene
1143 1452 1178 1493 si
1200 1453 1292 1506 quis

149 1518 190 1554 et
211 1513 323 1554 vivat
345 1513 458 1568 puris
483 1512 689 1562 manibus,
715 1519 948 1554 contemnat
971 1521 1201 1568 utrumque.

147 1580 194 1615 ut
218 1573 273 1616 sis
297 1580 343 1615 tu
367 1574 508 1616 similis
535 1573 651 1615 Caeli
673 1574 860 1628 Birrique
883 1575 1097 1625 latronum,

84 1650 125 1681 70
149 1651 232 1678 non
256 1650 333 1691 ego
359 1636 435 1676 sim
461 1635 587 1690 Capri
611 1650 744 1689 neque
770 1634 901 1678 Sulci:
927 1651 999 1678 cur
1021 1643 1179 1678 metuas
1203 1637 1294 1679 me?

148 1697 261 1739 nulla
284 1696 451 1738 taberna
473 1712 586 1739 meos
610 1697 759 1739 habeat
782 1712 913 1751 neque
937 1698 1020 1753 pila
1048 1698 1218 1748 libellos,

148 1759 239 1813 quis
264 1773 408 1800 manus
432 1759 594 1800 insudet
618 1759 731 1815 vulgi
755 1759 1110 1816 Hermogenisque
1135 1760 1302 1816 Tigelli!

147 1834 224 1862 nec
245 1820 371 1862 recito
395 1821 586 1875 cuiquam
610 1820 689 1862 nisi
713 1821 874 1871 amicis,
899 1822 1022 1875 idque
1047 1828 1225 1871 coactus,

147 1897 231 1924 non
253 1882 387 1924 ubivis
412 1897 599 1924 coramve
624 1882 885 1936 quibuslibet.
910 1883 952 1924 in
977 1884 1111 1925 medio
1135 1884 1204 1938 qui

83 1961 124 1992 75
149 1944 300 1999 scripta
322 1943 411 1986 foro
435 1945 605 1986 recitent
629 1951 723 1985 sunt
747 1945 863 1985 multi
887 1946 1037 1999 quique
1060 1945 1262 1996 lavantes3

149 2020 275 2047 suave
298 2005 412 2047 locus
436 2006 527 2047 voci
549 2013 714 2047 resonat
738 2006 966 2047 conclusus.
991 2006 1133 2048 inanes

147 2067 226 2110 hoc
248 2068 379 2118 iuvat,
403 2067 515 2109 haud
538 2069 638 2109 illud
662 2075 922 2122 quaerentes,
946 2083 1045 2109 num
1070 2069 1157 2110 sine
1180 2083 1317 2119 sensu,

148 2136 329 2184 tempore
351 2145 451 2170 num
474 2129 626 2171 faciant
649 2130 791 2171 alieno.
817 2155 871 2160 —
897 2130 1081 2181 „laedere
1104 2131 1273 2186 gaudes,

147 2191 294 2245 inquit,
320 2198 360 2232 et
382 2192 460 2233 hoc
485 2192 619 2233 studio
643 2206 792 2246 pravus
817 2192 959 2233 facis.“
984 2192 1092 2233 unde
1115 2193 1286 2247 petitum

82 2263 124 2294 80
146 2252 226 2294 hoc
247 2253 291 2294 in
314 2267 379 2294 me
403 2253 528 2294 iacis?
552 2260 614 2294 est
637 2260 778 2295 auctor
800 2254 891 2308 quis
916 2253 1092 2307 denique
1116 2268 1268 2304 eorum,

148 2314 233 2356 vixi
256 2329 349 2355 cum
372 2314 546 2368 quibus?
569 2314 781 2356 absentem
805 2315 876 2369 qui
898 2315 1005 2356 rodit
1028 2315 1217 2366 amicum,

148 2375 219 2429 qui
240 2390 324 2417 non
347 2376 528 2418 defendit
551 2376 629 2418 alio
654 2377 860 2432 culpante,
886 2376 1040 2418 solutos

148 2437 219 2491 qui
243 2443 378 2492 captat
400 2438 507 2480 risus
530 2438 741 2479 hominum
764 2438 997 2492 famamque
1020 2438 1183 2488 dicacis,

148 2499 302 2555 fingere
326 2499 396 2553 qui
418 2514 502 2541 non
524 2500 613 2542 visa
634 2506 786 2555 potest,
812 2500 1032 2541 commissa
1053 2506 1185 2542 tacere

83 2574 126 2605 85
150 2561 220 2615 qui
243 2562 401 2616 nequit,
426 2562 494 2603 hic
515 2562 632 2618 niger
655 2568 735 2612 est,
760 2562 868 2603 hunc
891 2568 937 2603 tu
958 2562 1143 2603 Romane
1167 2567 1320 2604 caveto.

150 2638 272 2679 saepe
297 2623 424 2666 tribus
448 2623 562 2666 lectis
587 2623 727 2666 videas
752 2638 922 2666 coenare
946 2631 1176 2678 quaternos,
