1500 2820
373 185 651 228 CARMINUM
672 189 771 226 LIB.
789 189 860 226 111.

32 291 48 350 '³³2
71 291 74 293 ’
106 296 260 341 addant
281 310 408 339 avaro
431 294 596 338 divitias
620 295 742 338 mari:

40 392 43 394 »
105 366 194 404 tum
216 374 284 403 me
308 358 476 403 biremis
500 358 707 415 praesidio
732 357 912 414 scaphae

161 429 295 466 tutum
319 437 394 479 per
416 421 613 479 Aegaeos
638 421 839 464 tumultus

216 501 318 529 aura
340 485 446 528 feret
468 485 745 543 geminusque
767 484 932 528 Pollux.

399 660 659 700 CARMEN
688 660 835 699 XXX.

357 758 431 791 AD
463 757 877 791 MELPOMENEN.

104 845 244 902 Exegi
267 850 581 888 monumentum
606 858 701 886 aere
724 843 946 900 perennius

103 910 314 968 regalique
338 909 421 952 situ
443 909 706 966 pyramidum
730 908 865 958 altius,

104 973 218 1030 quod
240 988 325 1016 non
346 972 480 1016 imber
503 973 629 1023 edax,
655 987 740 1015 non
762 971 921 1027 Aquilo
945 972 1150 1028 impotens

103 1037 236 1094 possit
260 1037 422 1080 diruere
447 1043 517 1080 aut
542 1036 854 1079 innumerabilis

104 1144 305 1172 annorum
330 1129 457 1172 series
482 1135 522 1171 et
547 1128 649 1186 fuga
672 1135 917 1185 temporum.

102 1208 186 1236 non
210 1193 344 1235 omnis
369 1192 538 1244 moriar,
563 1192 776 1247 multaque
800 1207 897 1248 pars
922 1192 1004 1233 mei

102 1255 248 1299 vitabit
271 1256 521 1298 Libitinam:
547 1270 680 1311 usque
705 1270 784 1313 ego
809 1262 976 1312 postera

103 1333 287 1362 crescam
310 1319 434 1362 laude
457 1334 620 1370 reeens,
646 1319 746 1361 dum
772 1318 1027 1375 Capitolium

104 1411 275 1454 scandet
298 1426 393 1454 cum
417 1411 542 1454 tacita
566 1411 726 1468 virgine
749 1411 950 1467 pontifex.

103 1474 234 1526 dicar,
260 1489 343 1530 qua
365 1475 525 1518 violens
551 1475 754 1531 obstrepit
777 1474 960 1517 Aufidus

103 1545 144 1580 et
166 1552 250 1593 qua
272 1553 431 1595 pauper
453 1553 586 1594 aquae
610 1538 790 1580 Daunus
816 1537 1043 1595 agrestium

102 1602 293 1658 regnavit
315 1601 582 1658 populorum,
609 1616 660 1644 ex
684 1601 831 1644 humili
854 1608 1003 1658 potens

102 1692 294 1749 princeps
319 1691 516 1736 Aeolimn
541 1708 709 1736 carmen
733 1694 786 1736 ad
810 1693 940 1736 Italos

52 1803 54 1807 .
104 1755 327 1798 deduxisse
351 1756 510 1799 modos.
538 1772 656 1799 sume
681 1756 920 1813 superbiam

104 1819 335 1873 quaesitam
359 1820 534 1871 meritis,
561 1827 603 1862 et
626 1820 728 1862 mihi
750 1820 960 1876 Delphica

105 1880 221 1924 lauro
246 1882 366 1939 cinge
390 1882 554 1934 volens,
579 1882 865 1939 Melpomene,
891 1897 1065 1925 comam.

1242 178 1298 222 81

1325 1484 1366 1516 10

1328 1830 1370 1862 15
