1592 2808
254 1169 293 1199 10

252 1506 292 1536 15

252 2515 291 2546 10

1091 0 1107 11 εκ
1119 0 1239 26 --κκωζψ-ιι.
1247 0 1268 22 ug

753 173 797 217 Q„
814 172 1030 211 HORATII
1046 172 1228 211 FLAGGI

821 356 1160 398 CARMENV.

742 457 825 489 AD
872 457 1229 490 PYRRHAM.

489 543 594 598 Quis
618 545 746 587 multa
767 544 929 601 gracilis
953 551 993 587 te
1015 560 1117 601 puer
1138 546 1181 587 in
1203 561 1298 588 rosa

486 606 676 662 perfusus
699 606 862 660 liquidis
886 613 1005 663 urget
1027 607 1218 649 odoribus

542 674 676 724 grato,
701 667 877 723 Pyrrha,
903 668 980 711 sub
1003 668 1143 710 antro?

596 730 661 771 cui
684 729 831 771 flavam
854 730 1002 786 religas
1026 745 1196 780 comam,

487 819 660 874 simplex
682 819 916 860 munditiis?
938 819 1036 869 heu,
1061 819 1219 873 quoties
1242 819 1363 862 fidem

485 886 742 935 mutatosque
767 881 863 923 deos
887 880 1000 922 flebit
1023 886 1063 923 et
1085 896 1230 936 aspera

539 943 665 998 nigris
691 957 867 997 aequora
889 943 1020 984 ventis

596 1004 830 1046 emirabitur
851 1004 1043 1055 insolens,

484 1095 554 1148 qui
576 1108 683 1135 nunc
707 1099 746 1135 te
770 1093 917 1135 fruitur
940 1093 1126 1136 credulus
1151 1109 1285 1145 aurea,

484 1156 554 1210 qui
579 1170 738 1211 semper
760 1170 950 1205 vacuam,
976 1170 1136 1211 semper
1158 1155 1373 1199 amabilem

543 1224 695 1273 sperat,
720 1217 882 1259 nescius
907 1231 1029 1259 aurae

594 1279 764 1320 fallacis.
790 1277 943 1329 miseri,
969 1278 1118 1333 quibus

482 1369 680 1411 intentata
701 1368 818 1410 nites.
843 1383 908 1410 me
932 1368 1071 1411 tabula
1094 1383 1207 1410 sacer

485 1431 621 1473 votiva
643 1431 775 1485 paries
799 1430 950 1472 indicat
972 1430 1096 1471 uvida

538 1492 798 1547 suspendisse
821 1493 976 1548 potenti

593 1554 835 1596 vestimenta
857 1553 980 1596 maris
1004 1553 1093 1596 deo.

805 1702 1063 1742 CARMEN
1090 1702 1168 1741 VI.

604 1802 671 1834 AD
696 1803 746 1834 M.
772 1802 1044 1835 VIPSANIUM
1066 1801 1333 1836 AGRIPPAM.

455 1889 653 1933 Scriberis
679 1889 804 1932 Vario
826 1890 943 1932 fortis
967 1895 1008 1932 et
1029 1889 1207 1932 hostium

454 1953 584 1995 victor
606 1951 787 1994 Maeonii
811 1951 999 1993 carminis
1024 1952 1130 2002 alite,

454 2029 578 2068 quam
599 2029 686 2056 rem
710 2027 883 2068 cumque
906 2013 1022 2055 ferox
1044 2013 1216 2056 navibus
1241 2018 1311 2055 aut
1333 2013 1448 2069 equis

509 2076 624 2118 miles
650 2084 688 2117 te
712 2076 815 2117 duce
838 2076 1022 2131 gesserit.

453 2180 546 2215 nos,
571 2164 775 2220 Agrippa,
800 2179 931 2219 neque
954 2165 1056 2206 haec
1079 2165 1230 2215 dicere,
1254 2179 1330 2207 nec
1353 2179 1519 2221 gravem

455 2227 623 2268 Pelidae
648 2226 902 2268 stomachum
925 2227 1068 2268 cedere
1091 2226 1231 2277 nescii,

455 2303 531 2331 nec
554 2303 696 2330 cursus
721 2288 893 2343 duplicis
917 2303 990 2344 per
1012 2303 1123 2330 mare
1147 2287 1298 2338 Ulixei,

509 2365 586 2392 nec
609 2365 774 2391 saevam
796 2349 962 2405 Pelopis
988 2350 1153 2392 domum

455 2454 665 2490 conamur,
691 2445 832 2481 tenues
856 2439 1044 2494 grandia,
1070 2439 1167 2479 dum
1190 2439 1322 2494 pudor

454 2501 709 2554 imbellisque
732 2501 843 2555 lyrae
866 2500 991 2541 Musa
1013 2506 1158 2555 potens
1183 2506 1292 2542 vetat

453 2563 594 2605 laudes
619 2563 773 2618 egregii
798 2561 986 2604 Caesaris
1011 2567 1051 2603 et
1074 2567 1163 2603 tuas

510 2624 629 2679 culpa
652 2625 831 2666 deterere
853 2623 1001 2680 ingeni.
