1592 2808
32 253 346 297 ·fi'‹=ienduminter
353 264 393 289 se
402 250 610 288 coniuncta.
628 246 715 282 Ete-
738 247 817 279 tum
834 239 1001 322 inplrimis
1021 237 1098 275 Sat.
1110 236 1161 273 11.
1173 236 1213 282 1,
1231 235 1288 270 39.
1313 231 1459 280 profes-

44 318 81 343 m
103 306 140 340 le
169 305 249 340 erat
269 298 452 336 Horatius
475 291 715 344 praestantis·
742 301 805 324 sus
814 292 872 324 est
910 287 940 322 is
953 283 1191 321 ususverbis:
1216 282 1286 318 Sed
1296 282 1348 315 hic
1359 279 1459 314 stilus

28 362 101 388 „ma
155 357 348 385 raecorum
366 354 493 391 opera,
516 341 556 376 in
581 338 716 386 quibus
740 336 831 371 haud
852 339 940 380 petet
964 334 1057 367 ultro
1077 339 1281 376 quemquam
1301 326 1460 360 animan·-

43 398 140 434 idem
161 405 222 431 ars
249 402 427 445 expressa
451 387 631 429 cernitur3
657 394 717 419 co·
743 387 818 423 tem,
831 386 861 415 et
875 391 927 414 me
939 378 1045 413 veluti
1055 375 1217 410 custodiet
1231 373 1320 408 ensis
1332 371 1462 416 vayina

21 443 191 480 noverat
206 437 374 486 inprimis
392 433 563 471 Platonis
582 439 717 466 sermo·
743 433 848 462 tectus
855 438 868 468 ,·
899 436 996 471 quem
1026 434 1089 457 cur
1117 420 1328 465 destrinyere
1357 427 1464 451 coner

18 510 22 517 ‹
41 484 286 536 sainquibus
305 482 345 519 in
365 491 506 517 summa
521 488 644 514 rerum
656 486 718 510 va·
744 478 834 508 tutus
852 471 895 506 ab
912 470 1044 514 infestis
1063 466 1277 502 latronibus?
1318 463 1347 497 O
1362 467 1464 508 pater

20 551 23 552 ⁷
44 537 141 574 etate
154 534 266 578 atque
286 528 397 575 eopia
407 531 532 562 tamen
546 525 719 559 constan·
743 525 773 554 et
792 529 854 553 rex
871 516 1036 562 Iuppiter,
1056 520 1092 547 ut
1107 517 1227 559 pereat
1243 510 1392 556 positum
1404 519 1464 540 ro-

39 576 171 623 esstaec
181 577 243 612 lex
257 575 490 617 observatur,
502 574 545 606 ut
557 567 718 613 denique
746 565 855 610 biyine
868 564 983 607 telum,
1002 572 1064 595 nec
1100 560 1257 604 uisquam
1269 560 1390 590 noceat
1404 564 1462 586 cu-

19 623 132 670 uninia
177 626 289 668 atque
333 619 482 666 singula
523 615 572 651 ad
605 624 720 649 unum
742 611 822 657 pido
836 610 916 643 mihi
949 606 1041 642 acis!
1065 571 1296 647 (guibuscum
1311 604 1463 636 conten-

20 683 35 702 ἰι
111 679 170 706 em
203 667 318 703 finem
360 665 510 710 dialogo
550 658 720 707 proposi·
746 657 814 691 das
828 655 894 690 illa
909 619 986 689 gat.
1000 651 1070 695 Ι.4,
1079 651 1123 686 78
1132 660 1214 696 sqq.
1239 648 1372 693 Itaque
1387 655 1463 679 non

25 734 28 743 ·
54 718 62 763 ‘-
106 714 258 762 egregie
283 710 507 748 conveniant
527 716 645 753 eaque
664 716 720 739 ra·
747 690 1464 743 desaevitobiurgando,nonmaledicit‚

42 767 112 798 one
131 758 362 796 admirabilis
386 755 615 802 singularum
638 762 721 797 par·
746 759 822 783 non
835 746 1026 788 vulnerat,
1052 742 1119 778 sed
1136 741 1251 775 utitur
1263 739 1342 774 fere
1356 737 1466 771 urba-

16 818 101 843 vum
126 803 388 842 convenientia
407 813 452 837 ac
469 799 583 836 totius
598 795 722 843 operis
746 793 864 828 nitate
878 791 1043 837 ingenuo
1052 787 1202 823 homine
1218 786 1333 831 digna
1347 792 1466 828 eaque

22 853 133 891 -nitas
169 850 365 894 efficiatur,
398 857 494 894 quae
523 845 573 880 ad
595 853 722 878 unum·
748 851 831 875 cum
850 835 1061 873 admirabili
1085 835 1214 886 lepore
1241 836 1278 867 et
1297 829 1467 865 acumine

35 899 188 946 quodque
208 895 298 932 artis
312 906 406 941 opus
425 891 574 928 nomine
589 899 656 924 suo
671 887 723 922 di-
749 883 978 920 consociata.
1022 882 1209 923 Quocirca
1228 875 1364 923 pungit
1389 873 1467 920 qui-

23 941 391 981 ·numnecessariore
418 937 561 973 uiritur.
580 935 723 971 Horum
750 932 833 967 dem
847 941 925 974 eos,
946 927 1009 974 qui
1022 925 1156 962 mentis
1176 922 1363 958 medicina
1376 918 1469 954 indi-

34 991 127 1038 gitur
139 987 346 1034 exemplum
365 985 396 1020 si
425 985 522 1019 ihac
539 982 578 1017 in
590 992 630 1016 re
643 991 724 1026 per-
750 980 876 1023 geant,
891 973 1070 1010 adhibitis
1079 971 1190 1007 etiam
1199 968 1342 1004 salibus
1357 970 1469 1012 atque

32 1041 127 1072 oetuo
141 1025 725 1077 intuendumdiligenterqueimi-
749 1022 954 1065 nasturtio,
981 1019 1049 1054 sed
1077 1029 1155 1052 non
1187 1015 1315 1050 stricto
1341 1011 1470 1059 gladio

23 1074 632 1122 mdmesseiudicavit,siquidem
642 1071 725 1107 sati·
750 1069 975 1110 insectatum,
1006 1064 1140 1099 ludens
1165 1061 1361 1097 veritatem
1386 1067 1471 1103 pro-

32 1128 66 1163 is
77 1126 155 1163 suis
167 1136 279 1162 verae
293 1123 415 1159 laudis
428 1120 600 1174 poeticae
614 1118 727 1152 virtu-
751 1115 837 1158 fert,
858 1109 1170 1160 quemadmodum
1189 1109 1270 1153 ipse
1291 1115 1373 1140 sese
1387 1114 1472 1149 pro·

33 1171 365 1227 empararevellet3
379 1165 727 1212 cuiusoperiscona—
752 1160 880 1196 fitetur
911 1158 1051 1193 ridendo
1088 1156 1200 1189 dicere
1231 1163 1365 1192 ver-um,
1402 1159 1473 1184 nec

29 1231 74 1255 us
81 1215 351 1262 smedubioipsi
358 1213 565 1250 felicissime
574 1210 727 1245 cessisse
753 1216 842 1241 vero
858 1203 1112 1240 debacchatur
1123 1201 1162 1235 in
1175 1199 1277 1242 vitia,
1299 1195 1407 1232 sicuti
1421 1195 1473 1229 fa?

24 1263 360 1300 ·=xistimandusest.
382 1256 621 1296 Verumsatis
635 1257 730 1290 haec
755 1263 839 1288 cere
865 1251 989 1285 solent
1013 1247 1153 1283 austeri
1179 1257 1223 1280 ac
1238 1239 1473 1289 superciliosi

22 1312 63 1347 -le
83 1310 280 1346 satirarum
297 1311 487 1352 tamquam
507 1302 662 1338 materia
675 1304 729 1336 at·
754 1308 896 1332 morum
915 1307 975 1330 ma
1005 1293 1104 1337 istri,
1129 1291 1264 1327 leniter
1284 1289 1473 1331 admonet,

28 1367 89 1404 lue
105 1350 729 1402 sylva,inquadeligenda,conge-
755 1343 879 1389 lepide
906 1342 987 1376 cavi
1006 1341 1115 1383 latur,
1140 1337 1284 1372 urbane
1315 1334 1474 1377 iocatur,

27 1402 133 1438 enda
153 1405 191 1437 et
209 1398 419 1436 ordinanda
431 1400 550 1443 poeta
569 1405 659 1428 sane
678 1397 731 1427 lta
755 1390 868 1425 etiam
895 1399 983 1422 suos
1008 1384 1126 1431 ipsius
1152 1393 1294 1418 naevos
1315 1379 1474 1415 subinde

20 1450 186 1485 ‹rersatus
200 1449 268 1490 est,
281 1448 325 1479 ut
335 1443 394 1478 his
411 1440 639 1478 carminibus
654 1438 730 1472 suis
755 1445 936 1481 perquam
972 1432 1135 1477 ingenue
1177 1432 1356 1473 tangens,
1399 1435 1476 1460 non

0 1511 11 1525 ι-
19 1493 246 1541 singularem
265 1489 454 1537 quandam
467 1486 558 1522 artis
572 1484 731 1530 gratiam
757 1479 1011 1515 amarulentae
1031 1474 1243 1511 dicacitatis
1269 1472 1370 1507 virus
1390 1481 1475 1506 evo-

22 1542 57 1576 et
80 1535 438 1575 commendationem
465 1529 730 1567 conciliaverit.
757 1526 824 1560 mit
859 1528 925 1560 aut
959 1523 1123 1567 maligne
1165 1520 1256 1555 iacit
1287 1516 1477 1561 convicia,

23 1584 193 1632 Sequitur
217 1586 260 1617 ut
277 1581 388 1617 etiam
407 1578 605 1614 dicendum
625 1575 672 1610 sit
685 1575 731 1610 de
758 1571 920 1617 denique
945 1569 1086 1614 ubique
1113 1567 1148 1602 lo
1179 1566 1280 1600 uitur
1305 1575 1387 1599 cum
1412 1562 1479 1596 illa

3 1631 164 1667 illarum
181 1610 303 1664 f'orma
323 1630 436 1672 atque
451 1621 732 1668 compositione.
757 1617 970 1653 urbanitate
986 1620 1022 1650 et
1034 1579 1373 1653 ironiaqSocratica‚
1390 1619 1478 1655 qua·

22 1677 208 1712 Eamvero
245 1676 332 1709 oeta
342 1671 431 1707 item
442 1667 732 1716 prudentissime
758 1665 830 1699 lem
843 1663 881 1698 in
896 1660 1067 1697 Platonis
1088 1658 1250 1704 dialogis
1264 1665 1479 1701 expressam

22 1721 162 1775 delegit
184 1724 224 1755 ta
240 1731 314 1763 em,
341 1716 464 1764 qualis
489 1715 624 1751 aetatis
645 1723 732 1747 suae
759 1709 954 1752 cernimus,
975 1710 1016 1741 ut
1029 1716 1147 1751 prope
1167 1705 1264 1739 inter
1278 1701 1479 1748 legendum

0 1765 238 1810 -erud1tioni,
264 1763 457 1799 doctrinae
496 1758 732 1802 humanitati,
759 1750 1316 1791 audirevideamurbenevolum
1326 1748 1481 1793 aliquem

22 1813 108 1850 deni
134 1823 182 1848 ue
195 1809 439 1857 elegantiaee
455 1790 610 1844 &raeeis
623 1804 734 1840 fonti·
759 1801 981 1836 monitorem
1005 1798 1129 1842 lepide
1160 1796 1365 1840 iocoseque
1398 1803 1481 1827 cum

21 1860 94 1895 bus
132 1862 242 1893 notae
262 1855 398 1902 optime
419 1852 617 1890 convenire
634 1851 735 1885 vide-
760 1847 844 1883 aliis
860 1844 1166 1882 confabulantem
1184 1842 1303 1887 iisque
1325 1851 1407 1874 cum
1422 1849 1479 1873 ca-

24 1907 135 1957 retur.
177 1902 259 1944 Quo
282 1900 431 1936 nomine
456 1899 612 1944 primum
635 1907 735 1931 men·
762 1892 954 1927 villatione
970 1890 1132 1936 quadam
1153 1886 1332 1923 salutaria
1347 1895 1480 1930 suppe-

25 1953 127 1985 tione
136 1947 287 1994 dignum
298 1946 469 1991 illudest,
480 1945 582 1991 quod
591 1953 736 1978 omnem
762 1939 943 1973 ditantem
961 1937 1059 1970 vitae
1080 1935 1177 1970 bene
1202 1932 1483 1978 prudenterque

27 2005 236 2030 sermonum
257 1993 418 2028 colorem
438 1996 551 2036 atque
566 1988 737 2024 habitum
764 1983 935 2030 agendae
965 1981 1027 2016 vel
1055 1979 1282 2015 iudicandae
1313 1975 1483 2011 consilia.

28 2039 282 2076 sollertissime
296 2038 345 2073 ad
355 2037 459 2072 illam
476 2035 592 2071 veluti
606 2038 736 2069 attem-
764 2029 950 2072 Quocirca
962 2027 1017 2062 ita
1028 2025 1083 2071 fit,
1092 2031 1133 2060 ut
1147 2024 1284 2059 satirae
1298 2023 1378 2058 eius
1395 2033 1484 2066 pau-

25 2085 181 2168 peravit.
218 2082 467 2119 Satiraeenim
479 2093 612 2116 munus
628 2090 740 2125 quum
765 2074 922 2111 cissimis
947 2072 1041 2107 locis
1068 2070 1234 2116 exceptis
1265 2068 1356 2103 nihil
1383 2067 1484 2102 fellis

43 2131 138 2168 acile
167 2129 312 2165 videret
336 2128 476 2174 duplici
504 2125 740 2172 potissimum
765 2118 1071 2163 amarioris‚nihil
1087 2115 1292 2163 petulantis
1305 2112 1485 2149 mordaci-

26 2177 86 2213 via
98 2180 137 2212 et
148 2175 292 2212 ratione
306 2173 447 2219 expleri
458 2183 583 2220 posse,
597 2175 639 2206 ut
650 2170 741 2205 vitia
764 2167 852 2202 tatis
865 2166 1018 2209 habere,
1033 2175 1078 2198 ac
1091 2162 1296 2198 nonnullae
1305 2161 1428 2203 etiam,
1443 2163 1485 2193 ut

27 2227 67 2260 et
89 2232 235 2258 errores
259 2220 451 2256 hominum
476 2223 542 2254 aut
566 2216 738 2252 acerbius
764 2210 1124 2253 iterBrundisinum,
1146 2208 1223 2243 sale
1238 2206 1388 2241 satirico
1402 2215 1487 2250 pro-

26 2272 247 2323 notarentur
265 2270 378 2312 atque
402 2264 632 2312 petulantius
659 2273 741 2298 exa—
765 2259 965 2307 pemodum
991 2266 1117 2291 carere
1144 2258 1182 2289 et
1204 2252 1403 2287 ridiculum
1421 2261 1487 2296 po-

47 2319 49 2321 ’
67 2317 246 2358 tarentur,
276 2315 341 2347 aut
356 2310 517 2357 imagine
537 2320 663 2344 eorum
692 2307 741 2342 ob
766 2306 839 2341 tius
866 2315 977 2351 quam
1002 2301 1209 2337 irrisionem
1228 2298 1367 2334 referre
1388 2296 1488 2331 vide-

28 2360 159 2399 oculos
188 2357 312 2406 posita
346 2357 467 2393 lenius
502 2356 742 2391 traduceren—
768 2355 889 2387 antur.
931 2349 987 2383 Ex
1013 2347 1149 2393 quibus
1177 2344 1349 2380 omnibus
1375 2342 1488 2377 facile

28 2408 89 2459 hur
116 2405 335 2459 urbaneque
364 2403 592 2446 riderentur,
623 2399 745 2435 noluit
767 2395 1003 2441 intelligitur,
1041 2404 1152 2439 quam
1189 2389 1379 2426 dissimilis
1416 2388 1490 2422 hoc

28 2447 102 2505 {fiae
134 2463 174 2486 ln
219 2452 324 2496 parte
370 2448 506 2483 imitari
545 2446 743 2489 Lucilium,
768 2442 918 2478 nomine
954 2438 1136 2475 Horatius
1174 2437 1222 2471 sit
1252 2433 1420 2470 iuvenali
1451 2437 1490 2469 et

130 2495 344 2549 scripsisset
376 2493 588 2529 mordacius
625 2495 663 2527 et
692 2491 745 2525 in·
770 2489 914 2531 Persio,
929 2485 992 2533 qui
1012 2495 1124 2532 quum
1138 2483 1186 2518 ob
1201 2482 1290 2516 vitia
1305 2481 1490 2516 hominum

47 2546 254 2594 [pennus
279 2552 319 2575 m
348 2540 559 2587 aequalium
587 2537 680 2572 vitia
710 2539 749 2571 et
770 2535 850 2570 fere
865 2532 1037 2569 acerbius
1052 2529 1331 2565 stomachentur
1350 2525 1488 2561 acrius-

34 2607 77 2633 <⁶
101 2599 176 2624 res
198 2588 369 2623 invectus
395 2589 505 2621 esset.
564 2585 645 2620 Imo
669 2593 748 2618 rem
774 2591 846 2628 que
891 2577 1180 2619 excandescant,
1201 2579 1278 2608 tum
1298 2572 1409 2608 etiam
1426 2582 1490 2606 ne-

92 2638 99 2664 *
133 2650 139 2665 ·
169 2632 301 2716 §mit
331 2631 542 2678 elegantius
571 2634 609 2666 et
637 2628 748 2664 urba-
774 2626 852 2662 scio
873 2635 984 2671 quam
1003 2621 1259 2657 austeritatem
1277 2629 1368 2664 prae
1384 2629 1424 2652 se
1438 2617 1491 2652 fe-

60 2685 67 2690 *
86 2690 101 2704 ·¹
207 2679 301 2715 oluit
324 2677 424 2730 enirn
446 2686 671 2724 quemquam
694 2673 749 2708 ul—
774 2675 872 2716 runt,
887 2680 962 2716 qua
975 2667 1116 2715 passim
1128 2666 1188 2701 vel
1202 2664 1307 2700 inviti
1322 2664 1371 2700 ad
1384 2661 1491 2698 tumi-

60 2714 99 2730 ⁷
128 2752 130 2755 .
174 2728 303 2770 sisere,
318 2723 427 2758 sicutl
438 2722 519 2770 ipse
534 2732 647 2768 quum
659 2718 750 2755 alibi
775 2718 861 2753 dum
881 2720 994 2762 atque
1013 2712 1157 2760 grande
1172 2709 1351 2747 orationis
1372 2719 1491 2756 genus

541 174 579 209 Q.
603 169 764 201 nomm
785 166 926 197 mcor
1329 150 1455 186 XXIX
