1500 2820
425 154 703 194 CARMINUM
727 153 827 190 LIB.
845 154 895 190 11.

207 264 281 308 sed
303 278 371 307 me
392 276 468 320 per
489 261 631 305 hostes
655 259 891 303 Mercurius
916 258 1023 302 celer

205 327 336 371 denso
359 330 579 383 paventem
603 323 770 367 sustulit
794 337 907 374 aere3

260 396 302 446 te
324 404 467 433 rursus
490 389 534 431 in
555 387 713 431 bellum
734 385 954 429 resorbens

317 452 430 495 unda
451 451 567 494 fretis
591 450 686 493 tulit
708 449 926 493 aestuosis.

205 562 305 605 ergo
329 546 554 604 obligatam
577 545 705 588 redde
730 544 823 587 Iovi
847 544 1010 600 dapem,

203 611 410 668 longaque
433 609 592 652 fessum
615 608 762 650 militia
783 607 892 650 latus

261 674 420 730 depone
446 671 523 715 sub
547 671 667 714 lauru
689 686 800 722 mea,
826 685 904 713 nec

314 751 438 794 parce
463 735 577 779 cadis
602 734 678 778 tibi
701 733 930 777 destinatis.

205 829 406 873 oblivioso
429 827 538 870 levia
561 826 748 870 Massico

203 891 356 935 ciboria
380 891 519 948 exple3
543 890 672 933 funde
696 889 918 947 capacibus

260 961 473 1012 unguenta
495 954 547 996 de
572 953 752 997 conchis.
779 953 872 1008 quis
897 952 980 994 udo

316 1018 588 1075 deproperare
613 1017 706 1074 apio
732 1031 906 1059 coronas

203 1115 370 1153 curatve
394 1109 554 1166 myrto?
577 1124 701 1164 quem
726 1108 872 1152 Venus
897 1107 1097 1151 arbitrum

203 1173 312 1215 dicet
334 1172 528 1215 bibendi?
550 1187 633 1214 non
659 1187 738 1229 ego
763 1171 904 1214 sanius

258 1235 492 1278 bacchabor
514 1235 696 1277 Edonis:
721 1241 887 1291 recepto

316 1297 436 1340 dulce
461 1298 562 1340 mihi
586 1297 723 1340 furere
747 1304 812 1340 est
836 1297 981 1339 amico.

452 1449 864 1490 CARMENVIH.

395 1547 487 1580 AD
541 1547 919 1581 BARINEN.

204 1631 304 1674 Ulla
329 1633 365 1675 si
388 1632 490 1675 iuris
516 1632 591 1675 tibi
613 1633 786 1690 peierati

201 1709 354 1751 poena,
379 1695 551 1747 Barine‚
577 1696 790 1739 nocuisset
813 1711 1011 1752 unquam,

202 1758 324 1800 dente
349 1758 384 1801 si
407 1758 527 1815 nigro
551 1758 672 1802 fieres
696 1759 762 1802 vel
787 1774 870 1802 uno

288 1821 446 1877 turpior
468 1822 612 1878 ungui,

207 1911 435 1954 crederem:
462 1912 536 1954 sed
559 1919 605 1954 tu
630 1912 753 1955 simul
778 1912 972 1969 obligasti

203 1973 409 2030 perfidum
432 1975 540 2017 votis
566 1981 708 2031 caput,
735 1975 927 2018 enitescis

202 2035 411 2092 pulchrior
433 2037 582 2089 multo,
607 2038 887 2094 iuvenumque
911 2039 1052 2095 prodis

288 2098 455 2155 publica
480 2114 590 2142 cura.

205 2190 370 2246 expedit
394 2191 536 2234 matris
562 2191 719 2235 cineres
746 2200 909 2250 opertos

204 2252 347 2294 fallere
372 2259 412 2295 et
436 2260 521 2296 toto
546 2255 748 2298 taciturna
770 2256 902 2299 noetis

206 2315 327 2372 signa
350 2330 445 2359 cum
469 2318 583 2361 caelo
607 2319 827 2376 gelidaque
853 2319 971 2362 divos

289 2385 420 2422 morte
444 2387 644 2425 carentes.

205 2469 311 2512 ridet
332 2470 429 2523 hoc,
454 2472 642 2528 inquam,
668 2474 814 2518 Venus
838 2475 949 2531 ipsa,
975 2475 1109 2518 rident

207 2532 412 2589 simplices
436 2534 673 2593 Nymphae,
699 2538 813 2580 ferus
839 2545 878 2580 et
905 2537 1083 2595 Cupido,

208 2610 370 2652 semper
393 2598 582 2643 ardentes
607 2615 760 2643 acuens
788 2601 961 2658 sagittas

292 2665 381 2702 cote
406 2668 584 2705 cruenta.

1283 141 1338 186 37

1368 396 1409 429 15

1367 1115 1410 1146 25

1369 2271 1411 2302 10

1370 2616 1409 2646 15
