1592 2808
81 180 166 213 XVI
576 184 628 211 DE
652 185 741 211 VITA
763 185 812 212 ΕΤ
835 183 994 212 somme

80 269 196 293 versus
217 257 377 302 facerem.
419 257 521 299 Quae
545 258 658 293 verba
675 258 777 293 nullo
801 258 893 293 illud
904 257 1497 304 miserius,quodeodemtempore

78 303 188 337 modo
204 303 248 337 de
266 302 418 347 praedio
436 306 591 347 paterno
610 303 707 337 ultro
727 302 778 337 di·
802 303 911 338 etiam
925 303 1227 348 SextPompeius
1239 303 1355 339 maria
1365 303 1497 338 Italiae

78 347 228 382 vendito
252 347 409 393 intelligi
430 351 596 392 possunt.
631 347 778 383 Deinde
801 347 954 383 finitima
971 347 1183 383 infestabat.
1220 348 1301 390 Quo
1321 358 1398 383 non
1418 347 1496 383 sine

77 402 148 427 nec
159 395 320 427 statuere
333 392 431 470 licetf,
445 391 651 436 Horatium,
664 392 778 427 iaetu·
800 404 934 438 magna
947 392 1140 428 Octaviani
1159 392 1375 428 crudelitate
1393 391 1497 426 finito

77 447 119 471 ra
130 436 273 481 paterni
286 436 398 482 agelli
427 440 521 479 acta,
542 437 715 471 continuo
729 437 777 471 ad

79 484 276 516 extremam
287 481 474 516 redactum
492 481 607 516 fuisse
619 492 776 526 pauper-

77 528 200 560 tatem.
224 525 363 561 Fuerat
376 525 470 561 enim
482 529 589 571 pater
600 526 715 570 ipsius
729 526 777 560 ad

75 581 155 606 rem
170 573 345 615 attentus,
363 574 405 604 ut
422 570 533 605 etiam
549 571 668 615 patria
685 571 774 605 urbe

75 615 206 650 relicta
228 626 302 649 una
328 626 408 650 cum
430 614 507 650 filio
527 615 666 650 Romae
686 615 775 649 satis

75 659 175 694 laute
187 659 310 694 vivere
324 661 491 705 adeoque
510 659 625 693 filium
639 659 774 694 studio-

74 715 155 739 rum
175 715 307 739 caussa
323 703 490 739 Athenas
508 704 650 739 mittere
669 708 774 749 potu-

76 749 154 784 erit.
202 748 385 790 Quocirca
407 748 485 783 filio
509 752 651 783 tantum
676 752 774 783 certe

74 793 220 828 videtur
236 793 442 828 hereditate
455 793 659 838 reliquisse,
678 797 720 827 ut
730 793 773 838 is,

77 837 242 883 quamvis
266 837 382 872 fundo
406 842 560 883 paterno
590 838 774 873 veteranis

75 882 405 934 adscripto,tamen
418 883 592 927 scriptum
606 886 774 928 quaesto-

74 926 168 961 rium
181 927 251 961 s1bi
259 938 471 972 comparare
483 929 656 972 potuerit.
681 928 774 963 Nam

75 971 218 1006 scribae
242 983 390 1006 munere
411 983 492 1006 eum
510 972 675 1006 functum
693 983 773 1007 esse

75 1027 186 1062 quum
207 1016 376 1051 Vitarum
407 1017 603 1061 scriptores
634 1016 773 1061 liquido

73 1064 266 1105 testantur,
279 1064 356 1095 tum
365 1061 473 1095 etiam
487 1072 530 1095 ex
539 1061 613 1095 Sat.
625 1060 672 1095 II.
681 1061 712 1105 6,
720 1061 773 1095 36.

24 1119 26 1125 ’
73 1105 128 1140 37.
150 1105 345 1157 perspicue
369 1105 597 1151 intelligitur,
622 1109 663 1139 ut
687 1115 774 1140 sane

73 1149 195 1184 mirari
220 1150 353 1184 subeat
368 1161 486 1194 nuper
505 1151 686 1193 extitisse,
713 1150 775 1194 qui

73 1206 151 1229 rem
189 1198 366 1229 vocarent
405 1195 443 1229 in
479 1194 774 1229 controversiam.

73 1238 215 1284 Nempe
233 1239 339 1284 petiit
356 1239 498 1273 iuvenis
511 1239 687 1273 Horatius
700 1239 774 1273 tale

73 1295 216 1328 munus,
236 1295 310 1318 non
323 1285 430 1318 modo
450 1288 491 1318 ut
503 1284 658 1318 haberet
677 1284 774 1318 unde

0 1335 14 1349 -’
73 1328 184 1363 vitam
196 1329 383 1372 toleraret,
399 1329 464 1362 sed
478 1328 587 1363 etiam
606 1332 647 1363 ut
657 1328 775 1373 poeti-

75 1373 127 1407 cis
153 1373 281 1407 studiis
307 1384 438 1407 vacare
463 1377 608 1417 posset,
640 1373 774 1418 quibus

75 1418 208 1452 dehinc
230 1418 474 1452 inclarescere
500 1429 521 1451 a
550 1418 599 1451 ud
617 1417 775 1451 animum

75 1462 335 1497 constituisset.
372 1462 493 1503 Quare
532 1461 616 1506 pist.
624 1461 670 1495 ΙΙ.
679 1461 711 1506 2,
719 1461 773 1495 49.

75 1507 217 1542 scribit:
240 1507 338 1541 Unde
349 1508 450 1540 simul
456 1508 604 1551 primum
617 1518 667 1540 me
680 1507 774 1539 dimi-

73 1564 146 1586 sere
168 1552 320 1596 Phihppi
341 1553 459 1585 decisis
481 1552 635 1584 humilem
654 1551 775 1595 pennis

73 1597 268 1642 inopemque
291 1596 430 1641 paterni
451 1601 480 1630 et
506 1597 590 1629 laris
614 1601 644 1629 et
665 1595 773 1638 fundi,

71 1646 302 1688 paupertas
346 1641 511 1685 impulit
545 1641 697 1682 audax,
732 1645 775 1673 ut

74 1697 218 1720 versus
239 1687 430 1730 facerem.

108 1729 182 1765 Sed
194 1730 266 1764 hoc
280 1729 427 1775 quidem
438 1729 522 1764 loco
529 1739 598 1763 nos
611 1728 683 1763 iam
694 1739 774 1773 per-

73 1775 218 1810 venisse
239 1774 414 1810 sentimus
439 1774 487 1808 ad
506 1775 659 1808 alteram
677 1775 774 1808 vitae

74 1820 121 1854 ab
135 1819 290 1854 Horatio
310 1822 483 1863 peractae
497 1822 649 1863 partem,
666 1829 775 1864 quam

75 1875 186 1908 supra
218 1863 459 1897 iudicavimus
488 1863 573 1897 inde
598 1874 620 1897 a
649 1874 775 1914 pugna

73 1908 303 1953 Philippensi
312 1919 356 1942 ac
367 1907 489 1942 reditu
497 1908 573 1942 eius
586 1907 624 1941 in
630 1907 775 1942 Italiam

73 1963 189 2005 usque
204 1953 251 1987 ad
263 1963 425 1998 pugnam
432 1951 622 1986 Actiacam
641 1956 678 1987 et
686 1950 774 1986 Cae-

75 2008 166 2032 saris
186 1996 380 2032 Octaviani
397 1997 642 2041 principatum
665 1996 775 2041 perti—

73 2052 172 2077 nere.
221 2042 348 2076 Habet
371 2046 493 2076 autem
515 2045 658 2085 tempus
683 2041 775 2075 illud

74 2087 146 2122 hoc
154 2086 225 2121 sibi
236 2086 435 2131 proprium,
451 2087 551 2131 quod
565 2085 690 2120 fractis
704 2085 774 2130 pri-

75 2131 192 2166 stinae
216 2131 442 2175 reipublicae
474 2130 612 2165 viribus
643 2130 775 2164 dehinc

75 2175 257 2211 variarum
271 2175 431 2227 partium
450 2175 550 2210 rixae
570 2179 608 2209 et
626 2178 774 2209 conten-

74 2221 194 2256 tiones
219 2223 382 2265 agitatae
409 2223 495 2253 sunt
511 2220 622 2264 idque
639 2219 692 2253 ita
709 2230 776 2263 per

75 2265 224 2317 longius
237 2268 382 2309 tempus
395 2264 530 2298 accidit
544 2275 682 2298 summa
695 2275 775 2298 cum

74 2310 207 2345 Italiae
221 2308 380 2353 miseria,
399 2319 516 2354 usque
530 2309 615 2343 dum
627 2309 775 2343 tandem

77 2354 116 2390 C.
143 2353 279 2389 Caesar
304 2353 528 2389 Octavianus
558 2364 578 2387 e
604 2352 774 2387 diuturno

77 2399 179 2446 gravi
206 2409 252 2434 ue
262 2397 458 2433 certamine
467 2397 633 2442 superior
640 2397 775 2432 disces-

77 2444 136 2480 sit.
198 2443 311 2478 tenim
322 2443 383 2477 hic
420 2453 506 2476 uum
519 2441 623 2476 victis
637 2443 685 2476 ad
692 2442 776 2477 Phi-

76 2489 129 2534 lip
158 2499 200 2523 os
218 2487 323 2522 Bruti
349 2491 387 2522 et
435 2487 523 2522 assii
546 2487 713 2531 partibus
737 2487 776 2521 in

76 2533 135 2570 Ita
150 2534 221 2568 iam
233 2531 416 2575 rediisset,
435 2534 586 2576 propter
605 2542 776 2576 agrorum

802 437 1127 472 MarcusAntonius
1134 436 1498 472 triumvirexOriente

802 493 882 516 cum
895 483 1014 518 classe
1031 482 1181 517 advenit
1199 485 1236 517 et
1253 481 1403 517 foedere
1417 492 1498 516 cum

801 525 898 561 Sext.
917 527 1094 572 Pompeio
1115 531 1226 572 atque
1245 525 1382 561 Domit.
1399 524 1497 561 Ahe—

799 572 966 606 nobarbo
990 572 1115 606 iuncto
1139 570 1373 605 Brundisium
1391 581 1497 606 occu-

798 617 901 660 pavit
924 616 1166 651 Octavianum
1190 615 1341 661 eiusque
1370 618 1496 660 partes

799 661 983 695 hostiliter
1017 672 1066 706 ag
1111 671 1270 695 essurus.
1318 659 1499 694 Aversum

798 710 920 740 tamen
931 706 1016 739 novi
1023 706 1070 740 be
1087 706 1112 739 li
1119 705 1333 750 periculum,
1341 706 1420 739 tota
1426 704 1499 738 Ita-

799 750 849 784 lia
866 761 995 795 pacem
1007 749 1209 796 flagitante,
1223 753 1334 793 atque
1353 759 1498 800 compo-

799 795 869 829 sita
882 798 940 829 est
950 806 1023 839 pax
1029 793 1252 829 Brundisina
1259 793 1382 837 a.714.,
1397 803 1498 828 culus

798 850 864 884 per
881 839 1192 884 opportunitatem
1202 837 1354 872 Asinius
1366 837 1498 882 Pollio,

799 887 908 918 antea
919 884 1070 918 Antonii
1082 887 1206 928 partes
1224 883 1287 918 ille
1308 885 1497 934 sequutus,

799 928 999 974 aliquando
1026 940 1106 963 cum
1126 928 1329 963 Octaviano
1355 939 1393 961 ln
1417 937 1498 972 gra-

798 973 885 1007 tiam
898 973 1015 1008 rediit.
1041 972 1115 1007 Sed
1122 983 1294 1018 magnum
1302 971 1411 1006 etiam
1422 974 1499 1006 tum
1552 995 1556 998 -

799 1017 943 1052 Italiam
956 1021 994 1052 at
1022 1029 1066 1052 ue
1074 1018 1226 1052 Romam
1234 1017 1369 1051 malum
1381 1016 1499 1062 inqui-

800 1063 936 1097 etabat.
960 1063 1003 1096 In
1023 1062 1167 1097 estabat
1180 1061 1274 1096 enim
1288 1060 1499 1096 Sext.Pom-

826 1107 904 1141 eius
923 1118 955 1141 a.
975 1107 1050 1141 715.
1071 1107 1190 1141 denuo
1216 1117 1300 1140 oras
1325 1109 1363 1141 et
1384 1105 1498 1140 maria

826 1151 963 1186 nitima.
999 1151 1500 1196 Quamobremproruperunt

799 1196 927 1240 populi
940 1196 1128 1240 tumultus,
1165 1206 1204 1230 er
1217 1207 1310 1241 quos
1322 1195 1499 1230 triumviri

801 1240 920 1275 coacti
939 1244 1024 1275 sunt
1037 1252 1117 1275 cum
1159 1243 1228 1274 ext.
1241 1240 1418 1285 Pompeio
1437 1251 1500 1285 pa-

800 1296 877 1320 cem
890 1285 993 1329 inire,
1028 1296 1097 1319 uae
1112 1285 1229 1319 a.715.
1242 1295 1358 1330 prope
1366 1285 1500 1320 Puteo-

799 1331 856 1364 los
869 1330 927 1364 vel
946 1330 994 1364 ad
1051 1330 1193 1364 isenum
1207 1330 1412 1374 composita
1431 1333 1498 1374 est,

799 1374 1207 1418 faustissimisPompeio
1217 1374 1302 1408 latis
1309 1373 1407 1408 illius
1416 1384 1500 1409 con-

800 1418 1011 1453 ditionibus.
1053 1418 1126 1453 Sed
1138 1419 1210 1452 iam
1224 1429 1320 1452 anno
1334 1418 1498 1464 proximo

815 1463 906 1507 716.)
925 1464 1063 1498 bellum
1089 1474 1170 1497 cum
1182 1463 1359 1507 Pompeio
1378 1473 1499 1498 recru-

826 1508 878 1541 uit
889 1508 1041 1542 foedere
1062 1507 1248 1552 superiore
1262 1518 1284 1542 a
1302 1507 1499 1542 triumviris

826 1552 937 1587 erfide
961 1553 1145 1597 neglecto,
1176 1555 1414 1598 exortumque
1444 1555 1500 1587 est

825 1597 948 1641 ellum,
963 1597 1062 1642 quod
1080 1598 1233 1631 Siculum
1245 1597 1304 1630 vel
1317 1598 1500 1642 piraticum

800 1642 871 1675 dici
891 1642 1002 1685 solet,
1029 1644 1254 1686 protractum
1271 1641 1365 1675 illud
1383 1652 1499 1687 usque

799 1686 970 1720 ada.718.
997 1685 1078 1727 Quo
1118 1697 1203 1719 uum
1213 1685 1437 1720 Octavianus
1451 1686 1498 1721 ab

798 1730 900 1765 initio
926 1730 1043 1764 minus
1067 1730 1103 1765 fe
1121 1730 1225 1764 iciter
1247 1731 1499 1775 pugnavisset,

800 1775 934 1810 auxilia
952 1775 1059 1820 petiit
1078 1775 1124 1810 ab
1144 1773 1320 1810 Antonio.
1358 1775 1430 1817 Qui
1447 1779 1499 1810 ta-

799 1831 881 1854 men
931 1831 1017 1853 uum
1040 1819 1188 1854 ineunte
1213 1831 1297 1855 vere
1318 1819 1404 1854 anni
1423 1820 1498 1854 717.

799 1864 900 1898 Brun
928 1864 1033 1898 isium
1046 1864 1218 1908 venisset,
1238 1867 1348 1909 portu
1360 1865 1412 1899 ibi
1423 1875 1500 1899 non

798 1912 980 1953 receptus,
1002 1909 1119 1943 classe
1140 1920 1205 1944 sua
1223 1909 1398 1955 navigare
1418 1920 1500 1944 coa-

801 1957 879 1987 ctus
894 1956 950 1988 est
964 1953 1175 1997 Tarentum,
1195 1954 1259 1988 ubi
1272 1957 1404 1999 postea
1418 1965 1439 1988 a
1450 1953 1499 1988 le·

800 1998 895 2043 gatis
922 1997 1116 2032 Octaviani
1141 2002 1178 2032 et
1201 1996 1354 2033 Antonii
1378 2002 1500 2033 actum

800 2046 856 2076 est
881 2043 925 2076 de
943 2041 1105 2077 foedere.
1142 2042 1324 2083 Quorsum
1369 2043 1501 2078 ertinet

799 2087 868 2121 iter
885 2087 977 2121 illud
994 2086 1254 2121 Brundisinum
1278 2088 1324 2122 ab
1383 2087 1498 2122 oratio

799 2131 1021 2175 lepidissime
1056 2132 1278 2177 descriptum
1309 2131 1383 2166 Sat.
1407 2131 1436 2166 Ι.
1454 2131 1499 2175 5.,

801 2176 901 2220 quod
920 2175 982 2209 alii
1021 2186 1186 2220 erperam
1204 2177 1251 2211 ad
1270 2187 1302 2210 a.
1317 2175 1392 2210 714.
1405 2180 1499 2211 retu-

801 2221 954 2255 lerunt.1
1032 2220 1174 2254 imirum
1198 2220 1314 2265 legati
1331 2220 1501 2255 videntur

798 2264 953 2309 primum
986 2265 1221 2299 contendisse
1251 2264 1499 2318 Brundisium,

798 2319 882 2343 mox
900 2313 1022 2344 autem
1045 2309 1181 2344 abiisse
1200 2309 1412 2354 Tarentum,
1436 2310 1500 2344 ubi

798 2353 930 2388 foedus
940 2353 1179 2388 Tarentinum
1186 2354 1298 2388 ictum
1305 2358 1363 2390 est
1370 2366 1401 2389 a.
1411 2355 1499 2399 717.,

801 2409 872 2477 guo
885 2397 1062 2432 triumviri
1080 2398 1150 2434 sibi
1168 2401 1330 2434 mutuam
1343 2410 1500 2444 spopon-

826 2446 934 2477 erunt
953 2453 1071 2487 opem.
1113 2444 1325 2489 Pugnatum
1336 2455 1423 2478 vero
1439 2444 1500 2478 diu

800 2491 858 2522 est
874 2487 994 2522 Marte
1013 2487 1181 2533 ancipiti,
1203 2489 1321 2524 donec
1333 2487 1500 2533 Agrippa

79 2577 293 2614 divisionem
316 2576 492 2611 militibus
517 2576 702 2611 decretam
724 2576 776 2611 ibi
832 2578 1362 2611 1VerumiamMasson-Vit.110r.p.81
1403 2584 1499 2611 φρον-

78 2626 243 2659 exortum
272 2623 330 2656 est
359 2620 607 2655 saevissimum
637 2621 775 2655 bellum

799 2612 903 2643 spexit,
912 2613 956 2637 cul
969 2613 1075 2638 assensi
1089 2614 1154 2638 sunt
1165 2612 1222 2637 sere
1235 2613 1375 2639 Kirchner
1410 2614 1497 2638 uuest.

799 2646 908 2671 Hor-att.
923 2653 949 2678 p.
965 2647 997 2671 54
1009 2653 1067 2677 sqq.
1089 2648 1117 2671 et
1134 2646 1279 2672 Drumunn
1298 2647 1376 2672 Rom.
1397 2645 1497 2671 Gesch.

77 2666 295 2704 Perusinum
321 2667 367 2711 (a.
394 2665 468 2701 712.
483 2666 530 2701 ad
543 2664 646 2711 714),
670 2670 773 2701 tanto
798 2679 899 2711 μνη.
