1572 2756
129 173 164 205 X

129 253 199 294 tur,
213 253 255 284 ut
266 248 311 284 iis
324 247 439 284 veluti
451 248 571 284 aditus
585 250 632 284 ad
650 249 781 294 poesin
795 252 833 284 et
855 260 989 295 magna
1009 260 1096 284 sane
1122 249 1243 284 extitit
1257 249 1453 285 multitudo
1470 262 1506 286 1·
1524 254 1540 285 22]

128 294 319 330 historiam
338 297 448 339 atque
463 294 572 328 etiam
590 295 638 328 ad
650 295 830 339 mytholo-
855 299 985 346 torum,
1010 294 1082 329 hoc
1107 297 1174 339 est,
1197 295 1456 341 magistrorum
1478 295 1543 331 el).

129 339 213 385 giae
238 342 276 374 et
297 339 557 384 philosophiae
583 339 831 385 cognitionem
856 343 1045 384 quentme,
1076 349 1152 373 non
1180 339 1289 374 modo
1316 339 1480 375 Graecor
1513 351 1543 370 «ιι

129 383 344 435 aperiretur.
375 383 432 417 Ex
446 383 580 429 quibus
595 383 764 418 omnibus
777 384 830 418 fa·
856 385 922 418 sed
941 384 1050 419 etiam
1062 382 1288 429 Latinorum,
1334 384 1480 419 cneban
1536 395 1553 419 s:

130 429 199 464 cile
223 428 463 480 intelligetur,
485 438 550 462 cur
574 429 830 463 adolescentes
856 439 926 473 que
950 428 1157 462 rudimenta
1186 395 1332 464 dicentii
1365 428 1534 474 facultati

127 473 303 517 Romani,
333 473 422 507 hcet
444 473 603 517 patrium
627 484 830 508 sermonem
854 473 892 507 in
904 472 1195 507 illorumscholis
1205 471 1318 517 sic,ut
1327 484 1543 526 magnaop·

129 517 227 552 domi
238 517 493 562 perdiscerent
506 521 544 552 et
556 529 637 552 cum
649 518 744 552 lacte
758 529 830 552 ma—
854 529 917 552 rae
941 529 1028 562 pars
1053 517 1174 552 studio
1201 516 1342 553 Graece
1367 521 1404 553 et
1419 518 1532 553 Latin
1547 559 1549 561 ¹

127 562 194 597 tris
218 562 445 614 insugereut,
470 565 593 597 tamen
611 562 699 597 item
722 562 830 596 ludos
856 561 1087 597 declamandi
1112 565 1396 598 consumeretur.
1438 562 1519 604 Quo
1538 567 1540 605 J

128 606 780 658 grammatlcorumfrequentaverint,
795 610 833 642 et
857 618 937 641 sum
956 607 1066 641 etiam
1085 606 1244 641 accessit
1255 605 1402 642 dicendi
1419 606 1569 642 exerci⁵

129 651 238 695 curii,
249 651 311 696 qui
323 651 544 686 liberalioris
553 651 742 686 doctrinae
755 653 830 686 lau-
855 651 945 686 tatio
961 652 1117 685 ducibus
1134 651 1279 686 idoneis
1297 651 1482 697 magistris
1495 650 1561 687 vel

130 696 213 731 dem
226 695 404 741 consequi
417 697 566 740 vellent,
580 707 656 731 non
668 696 770 741 prius
783 697 831 731 ad
856 695 954 730 domi
977 696 1156 740 instituta,
1181 696 1242 730 vel
1266 695 1376 730 etiam
1397 695 1487 731 foris
1516 696 1556 731 in

127 741 296 775 rhetores
305 745 370 775 aut
378 741 425 775 ad
436 740 681 786 philosophos
689 744 726 775 et
737 741 830 776 iure—
858 740 1016 776 Graecia
1035 751 1078 775 eo
1100 740 1254 775 consilio
1274 739 1498 784 continuata,
1515 751 1569 782 u„

129 785 321 820 consultos
341 785 575 830 accesserint,
592 797 700 831 quam
714 797 830 831 gram·
857 797 965 831 quam
982 785 1138 820 maxima
1156 785 1246 819 artis
1263 784 1443 836 perfectio
1463 795 1571 821 con·¹

127 830 345 864 maticorum
362 830 594 864 institutione
615 834 740 864 essent
758 830 831 864 for·
855 834 1056 874 pararetur.
1099 829 1211 864 Cuius
1223 839 1277 864 rel
1290 829 1493 874 exemplum
1504 829 1547 865 111

127 874 226 908 mati.
263 874 380 915 Quam
408 885 493 908 uam
516 874 699 909 interdum
724 875 832 909 etiam
857 873 1565 909 culentissimumCiceronemdedisse''

629 177 680 203 DE
706 176 795 204 VITA
817 176 866 203 ΕΤ
890 175 1050 203 sommus

127 918 180 953 ita
193 918 332 970 factum
343 919 379 952 vi
390 963 397 970 .
407 922 499 963 etur,
507 924 549 953 ut
556 919 587 970 si
596 919 657 964 qui
670 919 707 953 in
715 931 831 971 gram-
857 920 988 971 yulgus
999 963 1006 970 .
1019 923 1147 953 notum
1173 921 1242 970 est.
1287 918 1425 954 Verum
1437 928 1499 970 ‘qu
1531 934 1546 946 ι’
1566 950 1568 955 .

127 967 272 998 maticls
285 963 426 1008 ahquld
444 963 699 1008 profecissent,
719 976 744 998 11
757 975 830 998 uno
856 967 927 998 ista
939 967 1080 999 ratlone
1087 965 1282 1008 plurimum
1290 963 1337 998 ad
1345 963 1517 998 eruditlo·
1546 988 1548 990 >

129 1009 334 1053 eodemque
346 1013 511 1053 tempore
525 1009 735 1043 rhetoribus
744 1019 831 1054 quo-

127 1063 202 1131 3118
222 1053 354 1087 darent
367 1063 517 1097 operam
549 1053 588 1087 id
607 1054 707 1098 quod
722 1053 831 1098 signi-

157 1101 216 1132 cat
224 1097 470 1138 Quintilianus
537 1124 544 1131 .
558 1098 685 1132 Lextr.
722 1098 833 1133 Nimi-

127 1153 210 1176 rum
229 1141 529 1176 coniunctissima
549 1153 637 1177 sane
656 1154 832 1188 gramma-

128 1186 226 1221 ticae
241 1186 388 1221 dicendi
409 1187 604 1230 disciplina
625 1187 698 1222 sive
712 1187 833 1222 rheto-

126 1230 206 1265 rica
229 1230 310 1274 fuit,
330 1235 371 1264 ut
394 1231 523 1265 mirum
540 1243 616 1266 non
636 1232 683 1265 sit
700 1235 833 1266 utram—

155 1286 201 1309 ue
226 1275 337 1310 etiam
357 1275 464 1309 simul
483 1276 721 1311 exercitatam
740 1288 832 1311 esse.

164 1322 329 1365 tramque
344 1325 465 1355 autem
477 1320 646 1365 Romani,
654 1321 833 1366 inprimis-

130 1375 199 1409 que
221 1364 430 1408 oratoriam,
452 1375 563 1410 quum
586 1365 683 1417 olim,
703 1370 833 1410 utpote

128 1409 269 1444 liberae
282 1409 511 1453 reipublicae
527 1410 637 1454 cives,
653 1422 731 1445 slne
745 1410 833 1445 artis

127 1453 367 1488 meditatione
382 1458 493 1499 atque
506 1454 587 1499 ipso
604 1466 714 1499 opere
735 1466 833 1490 exer-

129 1498 304 1537 cuissent,
328 1501 404 1532 tum
423 1499 470 1533 ab
496 1510 538 1533 eo
559 1499 645 1534 inde
669 1503 832 1544 tempore

129 1542 239 1577 etiam
286 1542 344 1575 via
369 1546 405 1576 et
426 1543 568 1577 ratione
607 1555 833 1589 cognoscere

128 1591 240 1638 atque
265 1587 387 1622 colere
407 1591 619 1632 coeperunt,
646 1599 718 1633 quo
744 1588 833 1632 ipsis

126 1643 283 1676 prlmum
296 1642 355 1665 ars
370 1632 516 1666 dicendi
525 1632 744 1667 Graecorum
751 1645 833 1677 pro—

127 1676 210 1720 pius
224 1676 453 1720 innotuerat3
475 1678 574 1721 quod
589 1677 734 1721 quidem
747 1677 832 1712 inde

128 1721 175 1754 ab
190 1731 286 1754 anno
300 1732 379 1765 p.u.
389 1732 418 1755 c.
427 1721 503 1755 599.
517 1722 575 1756 vel
582 1721 701 1756 a.Chr.
716 1733 747 1756 a.
758 1721 833 1756 155.

128 1765 180 1799 ita
205 1765 343 1799 factum
367 1777 448 1800 esse
470 1770 626 1810 constat,
653 1777 725 1817 quo
745 1770 832 1800 tem-

127 1820 218 1854 pore
238 1810 442 1854 legatorum
458 1809 739 1845 Atheniensmm
759 1812 832 1846 elo-

130 1855 280 1899 quentia
294 1854 434 1889 animos
447 1855 693 1889 Romanorum
705 1867 833 1900 percu-

129 1900 172 1932 lit
185 1896 275 1933 et‘'in
290 1899 346 1932 sui
364 1900 642 1934 admirationem
661 1900 831 1945 abripuit.

128 1943 183 1977 Ex
210 1955 281 1988 quo
309 1948 473 1988 tempore
499 1944 611 1978 animi
630 1956 755 1979 eorum
774 1956 832 1980 ve-

129 1987 291 2022 hementi
321 1989 479 2033 quadam
509 1993 634 2024 tantae
660 1989 748 2023 artis
774 1990 833 2024 vel

130 2033 412 2077 cognoscendae
426 2034 486 2067 vel
501 2035 724 2069 exercendae
735 2034 833 2079 eupi—

130 2077 244 2111 ditate
274 2077 414 2111 incensi
445 2084 539 2112 sunt.
589 2079 734 2112 Etenim
760 2091 832 2124 quo

129 2122 309 2166 ampliora
322 2122 555 2167 eloquentiae
569 2123 607 2156 in
619 2123 736 2158 libera
750 2124 832 2157 civi-

129 2170 203 2200 tate
217 2167 409 2211 proposita
421 2167 571 2201 fuerunt
583 2167 746 2211 honoris,
757 2169 832 2202 lau-

130 2211 198 2254 dis,
221 2211 410 2256 dignitatis
430 2216 466 2246 et
479 2212 710 2246 auctoritatis
730 2224 832 2257 prae-

129 2255 213 2299 mia,
228 2267 299 2306 quo
305 2267 373 2300 que
383 2256 498 2290 maior
510 2256 584 2290 illis
597 2257 633 2302 ip
639 2258 686 2291 sis
695 2262 832 2301 tempo-

856 1009 1003 1043 laudem
1037 1008 1296 1053 proficeretur,
1336 1010 1459 1042 tamen
1498 1006 1542 1053 h*
1567 1018 1570 1019 ⁷

856 1053 993 1088 finibus
1035 1053 1232 1098 disciplina
1269 1051 1440 1087 iuvenilis
1477 1062 1537 1087 ses

857 1098 1144 1143 haudquaquam
1163 1096 1355 1132 continuit.
1389 1095 1531 1131 Access

859 1142 954 1178 enim
971 1143 1020 1177 ad
1037 1143 1109 1177 ista
1128 1141 1250 1176 omnia
1269 1141 1379 1176 etiam
1397 1141 1545 1186 philos

857 1187 966 1232 phiae
990 1187 1084 1221 ratio
1109 1190 1147 1221 et
1166 1185 1420 1221 conformatio.
1465 1185 1514 1221 N·
1533 1201 1539 1214 ι

859 1232 928 1267 etsi
946 1242 1080 1266 nomen
1103 1230 1363 1276 philosophiae
1382 1230 1517 1265 Roma·

860 1276 1110 1321 superioribus
1117 1275 1346 1320 temporibus
1353 1275 1431 1310 fere
1438 1274 1533 1309 fuer

859 1325 1070 1366 suspectum
1083 1321 1252 1365 adeoque
1261 1330 1423 1364 exosum,
1431 1322 1473 1354 ut
1480 1330 1524 1354 ea
1533 1327 1556 1359 ις,

859 1366 967 1400 etiam
991 1366 1116 1410 legum
1138 1364 1344 1399 interdictis
1369 1365 1415 1398 de
1438 1363 1555 1404 medis

858 1411 989 1445 tollere
1003 1409 1126 1444 conati
1139 1409 1230 1452 sint3
1245 1413 1369 1443 tamen
1382 1419 1405 1443 a
1416 1419 1496 1450 ma
1511 1423 1518 1439 ι
1530 1407 1538 1416 ”

859 1455 1079 1500 quibusdam
1104 1457 1141 1488 et
1162 1453 1351 1488 nobilibus
1376 1452 1463 1487 viris
1487 1463 1548 1493 la,

858 1503 997 1534 mature
1023 1499 1314 1533 animadversum
1334 1501 1423 1541 erat,
1448 1494 1548 1542 plur‘¹

858 1555 954 1577 mum
966 1543 1003 1577 in
1015 1543 1098 1587 ipsa
1114 1542 1236 1578 inesse
1254 1542 1431 1587 praesidii
1450 1553 1498 1587 qu
1532 1551 1562 1582 ι]

859 1589 906 1622 ad
924 1588 1086 1633 reliquas
1107 1587 1310 1632 sapientiae
1328 1590 1464 1632 partes,
1483 1590 1500 1620 t
1533 1592 1563 1631 ‘ff

857 1632 1021 1678 inprimis
1041 1633 1089 1666 ad
1109 1632 1392 1676 comparandam
1418 1630 1539 1666 civile
1560 1647 1562 1651 ·

857 1676 1099 1722 prudentiam.
1136 1675 1450 1721 QuocircaScipio
1476 1686 1482 1695 ¹

859 1733 984 1766 canus,
1009 1721 1172 1764 Laelius,
1193 1721 1366 1765 Rutilius,
1391 1720 1466 1764 alii,
1484 1730 1549 1754 110

857 1767 965 1801 modo
984 1766 1103 1810 ipsam
1120 1765 1157 1799 in
1175 1776 1310 1810 magno
1335 1765 1476 1800 honore

857 1812 1026 1854 buerunt,
1048 1811 1113 1845 sed
1127 1810 1235 1844 etiam
1252 1809 1486 1855 philosophis
1502 1820 1549 1854 ufl-

859 1860 944 1890 sunt
966 1854 1227 1890 familiariter.1
1263 1856 1419 1890 Postero
1439 1856 1559 1891 autev.

857 1905 1021 1944 tempore
1031 1900 1189 1934 studium
1203 1899 1281 1934 eius
1289 1900 1337 1934 ad
1344 1899 1455 1934 animi
1461 1909 1519 1933 me
1530 1914 1545 1928 r
1557 1929 1558 1932 ,

857 1945 977 1996 tisque
998 1945 1135 1979 cultum
1155 1944 1186 1978 si
1203 1955 1279 1978 non
1304 1944 1411 1978 unice
1435 1954 1536 1978 nece·
1556 1958 1558 1960 >

859 2001 1004 2034 sarium,
1024 1992 1062 2023 at
1081 1992 1179 2024 certe
1198 1989 1309 2034 longe
1327 1988 1498 2023 utilissim
1556 2006 1565 2014 ¹

858 2046 939 2069 esse
964 2033 1164 2068 iudicatum
1190 2037 1258 2078 est,
1285 2036 1516 2083 coeperuntq
1542 2045 1569 2079 .''

857 2079 941 2114 inde
956 2079 1212 2113 adolescentes
1225 2078 1377 2123 ingenui
1384 2077 1494 2112 etiam
1506 2088 1543 2119 124
1564 2099 1566 2101 >

859 2135 935 2158 sam
945 2123 1139 2158 Graeciam
1153 2123 1266 2167 adire,
1279 2125 1321 2156 ut
1331 2122 1384 2156 ibi
1395 2133 1471 2156 non
1483 2133 1518 2155 m
1528 2136 1535 2151 ι

859 2169 905 2202 (10
920 2168 1060 2202 litteras
1071 2167 1296 2202 Graecorum
1309 2165 1516 2212 elegantior
1525 2180 1536 2196 ι
1548 2166 1559 2186 ³

858 2224 923 2257 pro
953 2212 1008 2246 ius
1035 2215 1322 2256 cognoscerent,
1355 2211 1420 2246 sed
1452 2207 1566 2252 etiam)

857 2257 920 2302 phi
939 2257 1116 2301 osophiae
1135 2267 1284 2300 operam
1302 2257 1442 2290 darent.
1490 2255 1521 2296 Q

130 2300 231 2334 ribus
261 2305 446 2334 invaserat
477 2301 617 2335 animos
648 2302 833 2336 hommum
859 2302 1006 2346 quidem
1023 2312 1105 2335 mos
1125 2301 1233 2335 etiam
1252 2301 1320 2335 sub
1334 2300 1512 2346 imperato
1538 2335 1543 2342 Ἰ,

131 2345 280 2380 ambitio
300 2349 336 2380 et
355 2346 534 2379 honorum
555 2346 758 2381 divitiarum
788 2357 833 2381 ue
857 2347 926 2381 bus
935 2349 1113 2391 perpetuo
1122 2345 1250 2391 viguit,
1261 2356 1414 2390 quorum
1425 2345 1567 2391 multos*

132 2389 769 2433 cupiditas,eomaiorestudiotuma
798 2402 833 2425 o-
860 2394 1006 2425 constat
1017 2388 1565 2430 litterarumcaussaGraeciaffi

131 2435 314 2469 lescentes
339 2435 496 2469 Romani
527 2435 561 2470 ei
587 2436 655 2470 arti
687 2447 835 2480 operam
858 2436 1013 2470 lustrare
1026 2446 1100 2470 non
1110 2434 1372 2469 dubitavisse.2
1408 2433 1483 2469 Sed
1493 2427 1558 2481 nd?

132 2480 219 2514 dare
234 2483 445 2524 coeperunt,
461 2491 552 2525 quae
571 2481 698 2514 talium
710 2491 836 2515 mune-

891 2506 906 2529 1
930 2511 958 2529 v.
973 2503 1033 2528 cie.
1052 2503 1095 2528 ne
1107 2503 1168 2528 rin.
1186 2503 1235 2528 1v.
1249 2504 1275 2528 9.
1304 2503 1348 2528 De
1367 2502 1449 2528 οπερ.
1468 2501 1518 2528 111.
1548 2483 1553 2510 ἶ

130 2536 209 2558 rum
242 2525 328 2558 Olim
353 2525 695 2569 consequendorum
733 2537 834 2570 Spem
858 2538 931 2563 Vell.
950 2537 1011 2562 Pat.
1030 2538 1052 2562 1.
1072 2537 1115 2562 13.
1134 2539 1162 2562 et
1177 2537 1348 2562 Gaudentius
1366 2536 1410 2561 De
1433 2536 1510 2568 philo

133 2570 301 2603 omnibus
342 2573 526 2614 tamquam
569 2581 588 2604 e
631 2570 833 2615 longinquo
859 2573 941 2603 phiae
954 2571 1027 2602 apud
1038 2571 1177 2596 Romanos
1190 2571 1279 2596 initiis
1292 2571 1321 2596 et
1332 2575 1480 2602 progressu
1495 2576 1510 2595 c
1548 2611 1549 2614 Ἴ

132 2615 381 2648 ostentabat.l
446 2614 692 2655 Quamobrem
733 2615 835 2650 brev1

825 2614 832 2622 ·
859 2606 890 2631 17
903 2611 964 2636 sqq.
1531 2608 1550 2639 Ἰ

892 2640 908 2664 2
931 2645 959 2663 v.
980 2637 1150 2663 Gaudentius
1167 2637 1188 2663 1.
1207 2644 1232 2663 o.
1245 2637 1303 2663 vix
1319 2636 1365 2662 hic
1383 2636 1467 2668 digna
1478 2643 1508 2662 m

142 2671 604 2704 1v.Cicer.proMur.c.11.13.et14.
614 2672 829 2699 Deorfic.11.19.
859 2673 936 2699 tione
949 2674 992 2699 est
1003 2672 1201 2698 commentatio
1215 2669 1280 2698 chr.
1295 2669 1424 2697 Geumi:
1447 2670 1492 2696 De
1517 2696 1520 2698 ,

1525 2722 1548 2756 1
