1500 2820
130 443 173 474 20

129 800 171 831 25

128 1459 169 1490 35

127 1791 171 1822 40

129 2144 171 2174 45

130 2474 171 2504 50

197 132 253 176 84

625 144 669 188 Q.
686 142 903 181 HORATH
917 144 1104 182 FLACGI

419 247 522 298 sive,
546 261 649 302 quos
671 247 777 289 Elea
799 248 965 290 domum
986 249 1142 291 reducit

417 308 553 364 palma
576 308 790 360 caelestes,
813 310 1046 365 pugilemve
1070 325 1272 365 equumve

419 371 533 421 dicit,
560 377 599 412 et
622 376 784 412 centum
807 372 963 427 potiore
988 372 1117 428 signis

500 446 666 473 munere
689 432 831 483 donat3

417 520 541 563 flebili
565 536 737 576 sponsae
759 522 1000 564 iuvenemve
1023 529 1184 578 raptum

416 582 564 637 plorat,
590 589 630 624 et
651 583 748 624 viris
773 583 1032 637 animumque
1056 598 1269 639 moresque

417 658 561 685 aureos
586 644 721 686 educit
743 644 785 685 in
809 651 935 695 astra,
960 646 1158 700 nigroque

500 705 654 746 invidet
679 703 802 748 Orco.

417 789 545 830 multa
567 789 788 830 Dircaeum
812 789 919 830 levat
944 805 1041 831 aura
1065 804 1251 844 cycnum,

417 850 560 900 tendit,
586 850 758 899 Antoni,
783 851 941 905 quoties
965 852 1008 892 in
1031 851 1134 893 altos

417 911 586 953 nubium
609 918 779 953 tractus:
805 926 900 968 ego,
927 913 1014 968 apis
1039 912 1222 954 Matinae

499 988 610 1015 more
634 974 836 1027 modoque

416 1064 531 1112 grata
555 1058 756 1112 carpentis
781 1058 920 1112 thyma
942 1073 1015 1113 per
1037 1058 1215 1100 laborem

415 1119 634 1173 plurimum
658 1120 764 1161 circa
786 1134 930 1162 nemus
954 1121 1146 1174 uvidique

417 1180 582 1223 Tiburis
607 1181 734 1235 ripas,
761 1195 931 1236 operosa
953 1196 1102 1236 parvus

501 1242 680 1284 carmina
703 1243 825 1299 fingo.

415 1326 603 1368 concines
627 1327 778 1368 maiore
801 1333 921 1382 poeta
943 1327 1094 1382 plectro

418 1387 654 1438 Caesarem,
680 1389 923 1442 quandoque
945 1389 1076 1430 trahet
1098 1388 1255 1430 feroces

415 1464 488 1504 per
511 1463 671 1490 sacrum
695 1450 862 1499 clivum,
887 1450 1031 1491 merita
1053 1450 1222 1491 decorus

498 1511 660 1561 fronde,
689 1510 962 1567 Sygambros3

415 1609 495 1648 quo
519 1595 618 1636 nihil
641 1595 772 1636 maius
795 1595 992 1636 meliusve
1017 1594 1133 1636 terris

415 1656 500 1697 fata
523 1657 724 1698 donavere
748 1656 924 1710 bonique
949 1656 1044 1704 divi,

415 1732 490 1758 nec
513 1717 684 1768 dabunt,
710 1718 896 1772 quamvis
919 1718 1086 1759 redeant
1108 1717 1150 1758 in
1174 1731 1316 1758 aumm

499 1785 682 1834 tempora
703 1780 895 1834 priscum.

417 1863 605 1905 concines
630 1863 839 1917 laetosque
864 1864 949 1904 dies
975 1869 1016 1905 et
1039 1862 1167 1905 Urbis

414 1925 622 1979 publicum
645 1925 787 1966 ludum
812 1939 933 1980 super
955 1925 1168 1980 impetrato

417 1985 532 2027 sortis
557 1986 739 2041 Augusti
762 1986 911 2036 reditu,
936 1985 1151 2040 forumque

499 2047 637 2089 litibus
663 2048 818 2090 orbum.

418 2137 501 2172 tum
526 2145 658 2181 meae,
685 2132 719 2173 si
742 2131 841 2185 quid
862 2131 1005 2185 loquar
1029 2130 1286 2179 audiendum,

416 2193 528 2234 vocis
553 2193 718 2234 accedet
740 2192 847 2234 bona
868 2207 981 2247 pars,
1007 2198 1047 2233 et
1072 2206 1120 2243 „o
1147 2190 1220 2233 Sol

415 2254 601 2310 pulcher,
627 2269 650 2296 o
674 2253 926 2295 laudande!“
952 2268 1111 2303 canam,
1135 2260 1295 2308 recepto

502 2314 679 2357 Caesare
703 2314 813 2356 felix.

418 2406 541 2453 tuque
565 2399 662 2439 dum
685 2398 888 2453 procedis:
917 2398 980 2449 „io
1004 2397 1256 2453 triumphel“

417 2476 498 2502 non
522 2460 648 2502 semel
672 2460 872 2501 dicemus:
899 2460 963 2511 „io
987 2458 1238 2514 triumphel“

417 2521 558 2563 civitas
583 2521 732 2572 omnis,
758 2521 1024 2577 dabimusque
1049 2521 1152 2563 divis

499 2583 616 2625 thura
638 2582 837 2642 benignis-
