1592 2808
134 0 196 15 ’.ιι--
219 6 222 7 ⁷
259 2 267 7 ’κ

43 0 132 124 yffi!
166 30 181 36 Γ
296 15 301 23 ,

83 63 96 72 k

17 129 19 131 ,
48 131 74 154 9:

563 179 600 213 Q.
624 174 784 204 110an
807 171 948 200 mem
1300 153 1482 190 xxxvn

33 263 176 302 initium
210 258 320 306 cepit.
368 257 475 299 Quae
504 253 654 301 quidem
682 261 746 286 ne-
772 259 884 294 saepe
905 244 1088 281 duriorem
1108 244 1146 276 et
1165 235 1411 275 crudeliorem
1429 232 1486 268 fu-

33 303 502 348 cessitudobreviadeoest
515 298 745 341 confirmata,
770 295 844 330 isse
869 286 1153 329 recordaretur?
1200 284 1252 319 At
1276 282 1374 318 enim
1396 289 1486 315 vero

33 362 76 394 ut
86 366 172 392 mox
182 353 222 389 in
232 349 447 386 interiorem
460 345 647 394 quandam
660 341 748 378 ami-
770 344 952 375 mutatum
964 333 1161 383 paullatim
1174 331 1254 367 eius
1263 330 1309 364 de
1322 324 1489 362 illoiudi-

37 402 161 439 citiam
171 396 316 436 abierit.
341 395 437 431 Nam
449 393 523 428 iam
536 388 748 426 eodemhoc
774 386 871 421 cium
902 387 972 428 est,
1009 384 1122 426 atque
1152 377 1205 412 ita
1228 377 1422 415 mutatum,
1448 373 1491 405 ut

38 457 136 485 anno
147 445 348 481 Maecenas
356 439 552 475 Horatium
564 436 603 471 in
615 435 747 470 itinere
772 431 889 467 lenito
899 429 1029 465 dolore
1039 426 1222 461 hactenus
1230 424 1491 464 extemporum

39 490 262 530 Brundisino
288 487 460 523 comitem
479 483 549 519 sibi
570 479 748 522 adiunxit,
774 476 922 512 miseria
937 475 1112 518 suscepto
1122 469 1235 505 etiam
1248 468 1347 502 bene
1357 465 1402 498 de
1411 461 1491 498 cius

64 537 140 575 uod
159 546 232 584 quo
257 538 426 579 tempore
449 532 563 577 poeta
583 527 660 562 Sat.
674 525 749 561 1.5.
776 522 909 558 studiis
924 524 962 556 et
975 517 1140 554 consiliis
1156 523 1308 560 sperare
1323 509 1492 546 auderet.

65 579 446 629 ascripsit—factum
471 579 595 611 autem
616 573 654 607 id
673 582 750 606 non
777 568 887 612 Quod
914 565 1063 614 quidem
1088 574 1134 598 ex
1159 571 1233 607 quo
1252 562 1421 602 tempore
1440 553 1493 588 ita

40 629 152 667 multo
172 629 261 674 post
280 635 363 660 esse
384 624 675 658 consentaneum
694 620 753 652 est
776 616 916 651 factum
954 611 1014 654 sit,
1053 608 1273 644 coniectura
1310 606 1369 638 est
1390 598 1496 635 haud

37 691 86 704 a-
107 677 207 710 certe
230 671 298 706 illo
318 671 390 705 iam
407 679 498 703 usus
518 669 578 701 est
594 663 751 700 familia·
778 671 867 696 sane
883 657 1060 694 difficilis.
1084 648 1326 689 Evenitenim
1340 647 1394 682 sic
1405 645 1494 680 inde

0 737 1 740 ¹
39 720 194 764 tissime,
215 716 325 752 sicuti
343 714 539 750 universae
559 708 752 755 descripti·
779 708 826 742 ab
841 717 886 741 eo
900 709 1082 748 tempore,
1124 710 1171 734 uo
1192 697 1256 732 ille
1269 694 1419 730 Italiam
1432 690 1496 726 ad-

40 765 121 803 onis
134 764 230 800 ratio
245 762 424 797 declarat.
459 758 658 793 Enimvero
672 765 754 800 per·
779 763 909 787 versus
930 750 1083 785 Sextum
1098 712 1323 789 ‘i’ompeium
1340 739 1496 784 eiusque

40 813 214 866 spexerat
235 809 381 843 interea
405 805 618 848 Maecenas,
646 798 755 836 sicuti
780 800 945 834 latrones
981 795 1144 838 itemque
1175 789 1356 825 adversus
1381 783 1498 818 Anto-

39 857 200 902 videtur,
213 857 364 901 poetam
377 862 459 887 esse
473 849 659 886 hominem
672 857 755 892 pro·
780 845 881 880 nium
901 840 1015 876 tutari
1036 836 1193 883 occepit.
1239 833 1353 868 Cuius
1371 829 1426 865 rei
1443 829 1499 863 lu-

39 903 148 948 bum,
184 902 382 937 honestum
422 901 462 933 et
494 906 581 930 vere
611 892 756 939 patriae
783 879 1337 925 culentissimumtestimonium
1346 875 1501 912 exhibet

42 951 239 992 amantem,
249 945 312 993 qui
324 943 508 980 bellorum
521 940 683 976 civilium
696 937 757 972 tri·
781 935 902 980 Epod.
916 933 984 968 IX.
998 932 1017 966 7
1028 941 1122 1011 sqF„
1138 929 1183 963 de
1199 937 1272 973 quo
1287 925 1372 958 loco
1386 919 1499 956 modo

45 994 182 1031 stitiam
201 1003 246 1028 ex
264 990 386 1026 animo
407 988 567 1032 odisset,
591 985 631 1020 id
657 983 757 1030 quod
784 982 924 1017 dictum
950 982 1018 1014 est.
1098 986 1161 1009 um
1185 972 1299 1018 igitur
1317 966 1500 1004 Horatius

43 1041 108 1076 ille
132 1039 243 1074 etiam
266 1035 386 1082 Epod.
411 1033 515 1069 XVI.
541 1036 578 1067 et
599 1031 686 1067 Vll.
711 1028 759 1063 al.
783 1027 886 1063 haud
911 1026 1131 1060 cunctanter
1154 1017 1325 1066 partibus
1352 1011 1502 1049 Octavi-

44 1087 169 1139 palam
197 1087 358 1119 testatus
389 1084 488 1124 erat3
532 1078 761 1124 cognoverat
785 1057 1502 1113 anifaverecoepit,idquodiama.717.

43 1136 135 1168 item
159 1140 241 1165 esse
266 1139 349 1164 eum
371 1126 411 1162 in
434 1124 600 1171 regendo
621 1120 759 1157 iudicio
786 1119 923 1155 fecisse
947 1115 1114 1157 videtui-3
1139 1116 1216 1146 tum
1245 1108 1418 1144 addictus
1446 1106 1505 1139 est

47 1188 114 1213 suo
127 1180 203 1212 tam
223 1177 382 1218 cautum,
402 1172 623 1218 prudentem
637 1171 674 1203 et
686 1177 761 1200 mo·
786 1166 887 1200 illius
908 1171 1085 1204 caussaez,
1104 1163 1182 1193 tum
1203 1154 1364 1200 denique
1393 1150 1505 1187 etiam

47 1223 228 1266 del-atum,
241 1224 285 1255 ut
295 1229 366 1254 nec
380 1216 575 1253 Octaviani
589 1212 712 1249 studia
726 1215 764 1246 et
787 1210 867 1246 fieri
881 1207 1016 1256 potuit,
1036 1209 1079 1240 ut
1090 1202 1245 1250 propius
1263 1201 1303 1235 in
1317 1199 1396 1234 eius
1410 1195 1506 1231 noti-

50 1267 208 1304 consilia
225 1264 466 1311 improbaret,
491 1260 691 1296 dummodo
718 1268 764 1292 ea
788 1257 877 1292 tiam
895 1251 1119 1301 perveniret.
1157 1251 1390 1292 Quamquam
1408 1243 1448 1277 in
1460 1251 1505 1276 eo

47 1326 126 1350 non
150 1311 303 1349 officere
333 1309 549 1344 viderentur
580 1303 765 1341 communi
789 1300 990 1337 iudicando
1005 1298 1065 1332 vel
1083 1293 1274 1331 laudando
1293 1300 1413 1336 usque
1432 1298 1508 1322 ma-

50 1358 212 1396 civitatis
237 1355 361 1392 saluti.
409 1352 658 1396 Quamobrem
682 1360 766 1385 eum
790 1348 887 1383 xima
913 1344 1087 1381 cautione
1112 1352 1204 1375 usus
1229 1342 1299 1382 est,
1323 1342 1367 1371 ut
1389 1332 1508 1370 neuti-

50 1397 764 1442 nondubitavitinOctavianiadducere
792 1405 903 1441 quam
916 1384 1434 1432 ambitioseegissevideatur.
1464 1378 1510 1413 Id

49 1450 232 1487 notitiam.
268 1444 592 1494 ItaqueHoratius
602 1453 715 1489 quum
727 1441 766 1474 in
792 1439 893 1487 quod
914 1435 1118 1472 clarissime
1145 1444 1190 1467 ex
1209 1442 1254 1466 eo
1274 1425 1510 1472 intelligitur,

51 1498 169 1550 primo
189 1495 286 1547 libro
302 1490 605 1536 Satir.1.3‚4sq.
632 1487 766 1523 Caesa·
793 1485 894 1532 quod
917 1493 1038 1529 usque
1064 1481 1112 1515 ad
1138 1477 1230 1514 belli
1248 1473 1396 1510 Actiaci
1420 1476 1511 1506 tem-

51 1555 102 1579 ns
116 1539 314 1578 Octavmni
332 1538 447 1573 semel
459 1540 604 1571 tantum
622 1538 660 1570 et
676 1537 767 1568 tam·
792 1542 886 1578 pora
910 1540 981 1564 nec
1005 1527 1123 1561 ullum
1148 1533 1296 1559 carmen
1315 1519 1389 1565 ipsi
1409 1516 1512 1552 dedi-

53 1599 164 1636 quam
177 1583 451 1633 praetereundo
467 1580 693 1617 mentionem
712 1579 766 1612 in-
795 1577 894 1613 cavit
911 1586 982 1610 nec
1002 1573 1082 1608 eius
1101 1570 1233 1606 laudes
1253 1566 1391 1602 diserte
1405 1572 1512 1610 prae-

51 1634 183 1670 iecisse
196 1631 416 1678 reperiatur,
429 1632 508 1664 tum
525 1627 611 1662 Lib.
624 1626 673 1660 11.
692 1624 768 1659 Sat.
795 1622 944 1658 dicavit.
981 1618 1163 1655 Nimirum
1175 1618 1291 1661 poeta
1303 1615 1438 1658 postea
1452 1609 1514 1643 de—

54 1681 97 1725 1.‚
111 1690 223 1731 quam
235 1689 268 1712 a.
281 1688 317 1712 u.
331 1675 408 1712 725.
429 1674 606 1720 scriptam
620 1682 702 1707 esse
716 1670 769 1704 in·
794 1681 910 1713 mum,
945 1676 1059 1713 quum
1085 1661 1334 1703 Octavianus,
1371 1664 1514 1690 summa

55 1725 277 1767 telleximus‚
302 1733 398 1757 vers.
423 1721 478 1755 11.
499 1720 554 1754 19.
574 1722 612 1754 et
629 1717 674 1752 83
689 1727 770 1762 sqq.
795 1726 917 1751 rerum
935 1712 1091 1759 potitus,
1116 1709 1214 1743 iuste
1240 1710 1279 1740 et
1302 1700 1516 1739 humaniter

57 1771 215 1823 eundem
242 1769 296 1804 ita
318 1770 516 1811 memorat,
546 1768 589 1799 ut
617 1764 665 1799 ad
691 1763 771 1797 eius
795 1762 977 1807 imperare
988 1756 1187 1802 coepisset,
1198 1751 1334 1787 certius
1347 1748 1515 1795 ipsicon-

57 1818 248 1853 lemtatem
260 1818 297 1850 et
308 1812 536 1859 aequitatem
553 1810 592 1844 in
605 1809 771 1844 iudican-
796 1807 912 1842 fidere
939 1803 1064 1848 coepit
1088 1801 1250 1845 ideoque
1281 1800 1360 1831 tum
1383 1792 1516 1828 laudes

59 1863 116 1898 dis
153 1860 278 1896 satiris
311 1859 388 1894 suis
418 1859 610 1904 provocet.
652 1855 771 1890 Porro
798 1853 878 1888 eius
904 1850 1097 1886 celebrare
1123 1857 1200 1881 non
1226 1841 1386 1888 amplius
1412 1836 1517 1873 dubi-

58 1907 182 1959 Epod..
192 1906 221 1941 1.
233 1905 266 1940 3.
280 1903 451 1958 Qaesaris
463 1906 507 1938 ut
517 1900 773 1936 maximiMae-
797 1897 902 1933 tavit.
944 1895 1018 1931 Sed
1046 1894 1092 1928 de
1118 1891 1280 1926 Caesare
1309 1884 1517 1922 Octaviano

61 1956 204 1989 cenans
239 1962 348 1986 amici
382 1949 609 1985 mentionem
643 1945 773 1989 iniicit,
798 1955 884 1979 mox
898 1941 1096 1977 dicendum
1110 1937 1191 1972 erit.
1227 1933 1406 1970 Redimus
1418 1940 1519 1965 nunc

63 1997 164 2046 quod
173 2000 271 2032 certe
283 1995 327 2031 fit
338 2005 414 2030 non
429 1995 508 2029 sine
522 1994 572 2028 ali
600 2003 650 2027 ua
660 1992 777 2027 bene·
797 1989 846 2023 ad
857 1986 1006 2024 Horatii
1021 1989 1058 2020 et
1067 1980 1298 2018 Maecenatis
1307 1976 1520 2013 amicitiam.

61 2042 251 2096 velentiae
263 2040 538 2077 testificatione.
574 2005 776 2073 ssraeterea
800 2036 894 2070 Eam
912 2043 1001 2068 vero
1016 2035 1174 2076 uterque
1189 2038 1256 2072 per
1274 2028 1393 2060 totam
1407 2022 1520 2056 vitam

63 2093 174 2126 etiam
197 2087 319 2140 Epod.
336 2086 405 2121 IX.
418 2086 467 2120 ab
480 2085 530 2120 in.
557 2095 638 2119 sese
662 2083 775 2128 plane
802 2081 897 2116 adeo
920 2081 1049 2113 sancte
1070 2079 1107 2110 et
1126 2071 1304 2118 religiose
1326 2067 1454 2112 coluit,
1478 2071 1523 2101 ut

64 2135 235 2170 Caesaris
255 2142 410 2167 caussae
429 2131 556 2166 favere
568 2128 776 2175 profitetur,
801 2126 862 2161 vel
875 2125 962 2160 inde
976 2124 1169 2168 appareat,
1188 2129 1265 2153 non
1283 2117 1385 2151 illam
1404 2113 1521 2148 fuisse

64 2180 167 2262 guod
187 2189 270 2214 sese
294 2188 389 2231 vers.
403 2177 423 2211 7
438 2188 520 2229 sqq.
547 2176 658 2211 etiam
678 2174 776 2208 victo
802 2172 997 2217 vulgarem
1017 2173 1054 2203 et
1055 2165 1346 2247 ἓυοῒίἀᾶῃᾶωλ
1386 2160 1521 2201 Quam-

93 2230 164 2262 ext.
174 2225 351 2276 Pompeio
365 2227 418 2258 1ta
430 2223 566 2258 fecisse
581 2219 778 2266 significat.
804 2218 935 2252 obrem
959 2225 1030 2250 nec
1095 2210 1237 2246 oratius
1263 2208 1384 2243 Carm.
1402 2204 1522 2240 11.17.

63 2272 198 2325 Itaque
217 2268 520 2305 verisimillimum
540 2270 597 2302 est
610 2277 693 2302 eum
706 2265 779 2300 iam
803 2269 943 2299 temere
970 2259 1164 2306 professus
1191 2259 1249 2292 est
1275 2265 1314 2289 se
1340 2263 1416 2287 una
1440 2262 1523 2286 cum

65 2318 257 2369 aliquanto
294 2319 380 2351 ante
411 2315 552 2350 bellum
582 2312 779 2347 Actiacum
804 2309 1026 2344 Maecenate
1040 2303 1133 2339 mori
1142 2306 1285 2348 optare.
1320 2299 1523 2333 Maecenas

66 2362 274 2399 Octaviano
337 2360 492 2407 propius
561 2357 780 2393 innotuisse.
805 2366 893 2390 vero
921 2355 1062 2400 quanto
1097 2358 1224 2385 amore
1247 2350 1399 2392 poetam
1427 2354 1524 2378 com-

67 2408 186 2463 Quam
214 2418 300 2442 uam
311 2407 412 2442 lente
425 2409 568 2441 tantum
582 2416 626 2439 ac
639 2403 781 2449 paulla-
805 2401 939 2447 plexus
966 2398 1024 2441 sit,
1051 2396 1138 2431 inde
1186 2391 1396 2438 erspicitur,
1423 2389 1525 2435 quod

66 2458 181 2490 timvi
210 2457 292 2488 etur
306 2464 387 2488 cum
396 2463 441 2487 eo
450 2450 672 2487 conciliatus
686 2460 781 2484 esse.
806 2450 902 2482 teste
916 2441 1095 2480 Suetonio
1114 2440 1154 2475 in
1202 2439 1255 2473 ita
1273 2435 1422 2472 Horatii
1442 2446 1526 2470 eum

67 2499 331 2554 Namabinitio
341 2494 782 2545 quidemanimumipsius
806 2492 970 2527 moriens
994 2488 1062 2523 tali
1087 2487 1136 2522 ad
1159 2484 1373 2530 Augustum
1399 2480 1524 2526 elogio

69 2546 117 2582 ab
146 2546 212 2598 illo
231 2545 361 2598 tuisse
392 2543 622 2586 alieniorem,
654 2541 782 2587 ecquis
810 2537 972 2573 ornavit:
1003 2533 1169 2577 „Horatii
1183 2530 1304 2565 Flacci
1318 2534 1354 2561 ut
1373 2527 1439 2561 mei
1455 2532 1525 2561 esto

70 2595 128 2646 est
145 2603 210 2638 qui
229 2602 267 2644 3¹¹
287 2601 332 2626 eo
346 2589 509 2634 miretur,
531 2588 594 2635 qui
613 2591 652 2623 et
663 2588 783 2632 reipu-
810 2585 974 2619 memor.“
1005 2580 1176 2615 Mortuus
1191 2579 1314 2611 autem
1323 2573 1526 2608 Maecenas

59 2636 193 2674 ‘bhcae
213 2636 399 2672 libertatis
418 2635 553 2670 fuisset
576 2632 783 2669 amantissi-

72 2694 164 2729 ’Μ’
178 2683 386 2737 (ὶῒθῑνῑῑῑῑέω
399 2681 586 2716 be1¹0r1²¹11
592 2678 785 2725 negotium
810 2654 1527 2732 ...¹923“plssstff‘z‘lsssaffilffifftfflsstff‘2353‘ssss

74 2739 119 2764 ex
142 2740 264 2765 ammo
292 2729 452 2772 odisset,
478 2730 516 2762 et
540 2725 787 2760 Octavianum
810 2735 961 2761 Maecenas
973 2731 1082 2757 Leben.
1096 2726 1328 2758 Alton.1843.p.
1342 2723 1498 2751 194—220.
1517 2706 1525 2713 “
