1500 2820
75 134 79 142 2
130 111 185 153 ἤϊ’
198 105 210 129 '⁷
224 135 226 137 >

147 154 157 173 ⁴9

407 176 680 215 CARMINUM
697 176 796 214 LIB.
816 175 866 213 lI.

153 286 286 332 laetus
309 285 352 328 in
374 298 570 342 praesens
595 282 777 333 animus,
803 282 915 338 quod
938 282 1045 325 ultra
1069 288 1145 332 est,

155 349 287 394 oderit
310 363 452 392 curare
476 353 518 390 et
540 361 682 390 amara
703 345 816 388 lento

152 419 352 470 temperet
373 411 473 455 risu.
497 410 599 453 nihil
624 415 687 452 est
711 409 764 452 ab
789 410 902 452 omni

235 482 351 533 parte
373 474 553 519 beatum.

151 569 320 613 abstulit
343 567 499 611 clarum
522 567 603 610 cita
625 581 738 609 mors
762 565 985 617 Achillem,

150 634 275 691 longa
298 632 524 676 Tithonum
547 631 696 673 minuit
720 636 932 680 senectus;

151 703 191 740 et
213 696 316 739 mihi
338 695 498 746 forsan,
523 693 598 737 tibi
622 694 735 750 quod
758 693 932 750 negarit,

234 758 416 816 porriget
437 757 550 801 hora.

152 858 191 894 te
213 865 361 910 greges
386 855 551 893 centum
577 847 826 904 Siculaeque
851 849 1005 891 circum

150 914 339 972 mugiunt
360 928 531 964 vaccae,
557 913 633 956 tibi
655 912 761 955 tollit
783 912 990 954 hinnitum

150 985 246 1035 apta
268 977 480 1034 quadrigis
505 991 630 1032 equa,
657 983 697 1018 te
720 975 786 1018 bis
811 974 919 1018 Afro

232 1042 387 1085 murice
411 1042 562 1084 tinctae

148 1136 328 1178 vestiunt
350 1135 488 1178 lanae:
513 1135 615 1177 mihi
638 1149 768 1191 parva
790 1149 904 1183 rura,
931 1139 972 1175 et

147 1200 335 1257 spiritum
361 1197 513 1242 Graiae
537 1205 705 1241 tenuem
731 1197 942 1241 Camenae

146 1262 281 1306 Parca
303 1278 388 1306 non
410 1262 592 1304 mendax
616 1262 729 1304 dedit
753 1268 794 1304 et
818 1260 1048 1317 malignum

232 1340 425 1383 spernere
450 1325 615 1382 vulgus.

407 1477 670 1519 CARMEN
699 1477 844 1517 XVH.

98 1574 164 1608 AD
192 1575 235 1608 C.
262 1574 469 1609 CILNIUM
491 1574 845 1607 MAECENATEM
868 1573 1161 1608 AEGROTUM.

174 1660 262 1703 Cur
284 1675 351 1703 me
374 1661 553 1716 querelis
578 1661 791 1704 exanimas
816 1660 924 1703 tuis?

170 1738 248 1766 nec
271 1724 335 1767 dis
361 1724 540 1768 amicum
564 1731 627 1768 est
650 1739 727 1767 neo
750 1724 870 1775 mihi,
896 1730 936 1766 te
960 1724 1074 1780 prius

228 1786 360 1838 obire,
386 1786 632 1839 Maecenas,
657 1803 844 1830 mearum

284 1850 440 1906 grande
464 1851 590 1894 decus
615 1851 888 1906 columenque
912 1866 1062 1894 rerum.

171 1942 243 1992 ah,
269 1948 309 1984 te
333 1956 450 1984 meae
475 1942 511 1984 si
533 1949 693 1998 partem
717 1943 878 1986 animae
901 1944 1009 2000 rapit

171 2004 368 2047 maturior
389 2005 472 2056 vis,
497 2005 598 2060 quid
621 2021 758 2048 moror
781 2006 922 2058 altera,

228 2082 305 2110 nec
329 2082 448 2110 carus
474 2083 623 2123 aeque,
648 2084 726 2112 nec
750 2078 960 2127 superstes

282 2131 468 2188 integer?
489 2132 558 2174 ille
582 2132 671 2175 dies
696 2139 914 2190 utramque

172 2221 295 2264 ducet
318 2222 492 2265 ruinam.
516 2238 601 2266 non
626 2240 703 2282 ego
727 2226 932 2282 perfidum

172 2284 259 2326 dixi
283 2293 603 2329 sacramentum:
627 2288 799 2340 ibimus,
824 2289 990 2341 ibimus,

227 2354 450 2404 utcumque
474 2351 716 2406 praecedes,
743 2367 983 2408 supremum

283 2424 448 2467 carpere
471 2412 550 2454 iter
573 2414 743 2457 comites
766 2416 911 2471 parati.

171 2514 238 2542 me
261 2515 338 2544 nec
363 2501 607 2547 Chimaerae
632 2506 800 2561 spiritus
825 2506 984 2563 igneae,

170 2577 265 2614 nec,
291 2564 327 2605 si
348 2573 554 2623 resurgat,
580 2568 837 2611 centimanus
863 2567 981 2626 Gyas

228 2626 394 2670 divellet
418 2644 618 2685 unquam:
645 2631 706 2673 sic
728 2633 885 2687 potenti

283 2689 470 2734 Iustitiae
493 2693 774 2750 placitumque
798 2694 954 2740 Parcis.

1263 163 1320 210 45

1343 296 1387 328 25

1342 643 1385 674 30

1341 988 1383 1020 35

1336 1336 1382 1368 40

1332 2300 1375 2331 10

1332 2644 1373 2675 15
