1500 2820
102 266 166 297 115

101 575 164 606 120

100 882 162 913 125

98 1191 161 1222 130

98 1501 159 1531 135

97 1809 159 1839 140

1060 0 1167 27 τήτῃ-»ψ
1191 22 1194 28 ,

1184 30 1229 50 ’,·;,-,.
1246 36 1265 52 2„

194 139 274 182 132
629 150 671 192 Q.
689 147 902 185 HORATII
916 148 1098 186 FLACCI

189 266 266 294 nec
288 252 422 294 vincet
444 252 547 294 ratio
569 252 665 302 hoc,
691 253 942 295 tantumdem
964 258 1011 295 ut
1031 261 1174 309 peccet
1195 254 1383 311 idemque

191 314 262 368 qui
284 319 442 356 teneros
467 314 602 355 caules
628 314 748 356 alieni
771 314 939 371 fregerit
960 315 1078 366 horti,

190 382 230 418 et
252 376 324 430 qui
346 382 568 418 nocturnus
594 391 708 418 sacra
731 377 870 418 divum
892 377 1048 433 legerit.
1073 378 1179 420 adsit

188 438 349 494 regula,
373 438 551 492 peccatis
576 452 680 492 quae
703 453 855 494 poenas
879 439 1030 495 irroget
1052 454 1216 494 aequas,

188 514 240 541 ne
265 500 418 541 scutica
441 500 611 556 dignum
634 500 815 542 horribili
840 507 992 542 sectere
1015 501 1189 557 fiagello.

186 577 283 603 nam
306 567 351 602 ut
374 562 504 603 ferula
526 562 671 604 caedas
696 563 883 604 meritum
907 563 1060 605 maiora
1083 563 1218 605 subire

187 623 373 673 verbera,
398 638 479 664 non
501 638 660 673 vereor,
686 638 812 678 quum
835 624 946 666 dicas
972 639 1062 666 esse
1085 639 1204 680 pares
1227 640 1293 667 res

186 685 295 726 furta
318 685 536 728 latrociniis
562 693 602 727 et
624 687 784 742 magnis
808 701 936 741 parva
958 687 1122 729 mineris

187 747 291 788 falce
315 747 539 788 recisurum
564 748 683 788 simili
707 756 765 798 te,
792 749 827 790 si
850 748 923 790 tibi
946 763 1118 804 regnum

185 809 419 863 permittant
442 809 639 850 homines.
667 810 701 850 si
725 810 857 859 dives,
883 810 953 864 qui
978 811 1139 865 sapiens
1164 818 1237 861 est,

187 876 227 910 et
251 875 362 912 sutor
385 870 516 911 bonus
542 877 581 912 et
606 870 716 912 solus
742 871 945 912 formosus
970 878 1010 912 et
1033 878 1095 913 est
1118 887 1209 922 rex3

186 946 257 972 cur
281 938 396 986 optas
421 932 531 986 quod
555 932 707 974 habes?
732 947 840 983 „non
863 933 987 982 nosti,
1012 934 1111 988 quid
1133 936 1291 989 pater,“
1317 935 1456 988 inquit,

189 992 473 1049 „Chrysippus
499 994 623 1035 dicat:
650 995 812 1049 sapiens
838 994 1021 1050 crepidas
1047 995 1125 1037 sibi
1147 1010 1354 1050 nunquam

184 1070 260 1097 nec
285 1056 416 1097 soleas
440 1056 555 1106 fecit3
581 1062 694 1098 sutor
717 1063 852 1098 tamen
877 1064 939 1099 est
963 1058 1164 1113 sapiens.“
1189 1058 1284 1112 qui?

188 1124 258 1167 „ut
280 1118 466 1171 quamvis
491 1124 597 1159 tacet
620 1117 925 1174 Hermogenes,
951 1125 1091 1161 cantor
1113 1125 1249 1160 tamen
1273 1126 1392 1173 atque

186 1179 363 1234 optimus
388 1185 450 1220 est
472 1179 718 1230 modulator3
742 1187 788 1221 ut
810 1179 987 1222 Alfenus
1012 1180 1143 1231 vafer,
1168 1181 1279 1223 omni

185 1241 342 1282 abieoto
366 1241 630 1283 instrumento
655 1242 751 1283 artis
776 1242 996 1296 clausaque
1019 1242 1198 1292 taberna,

184 1309 324 1343 tonsor
347 1309 450 1353 erat3
477 1303 638 1358 sapiens
663 1304 796 1358 operis
821 1304 880 1346 sic
905 1304 1081 1358 optimus
1106 1304 1236 1346 omnis

185 1371 246 1405 est
271 1364 409 1419 opifex
434 1365 562 1414 solus,
589 1365 648 1406 sic
670 1368 782 1407 rex.“
807 1390 862 1396 —-
884 1365 1039 1407 vellunt
1061 1365 1135 1407 tibi
1158 1365 1326 1408 barbam

183 1426 326 1467 lascivi
349 1427 464 1481 pueri
472 1443 483 1476 3
509 1441 611 1480 quos
637 1433 681 1468 tu
704 1427 783 1469 nisi
805 1427 915 1469 fuste
939 1442 1114 1478 coerces,

183 1488 341 1542 urgeris
366 1487 484 1530 turba
508 1489 660 1530 circum
684 1494 723 1530 te
749 1495 898 1539 stante,
922 1490 1126 1543 miserque

183 1550 382 1604 rumperis
408 1555 448 1590 et
469 1550 613 1600 latras,
638 1565 880 1606 magnorum
904 1551 1080 1592 maxime
1102 1565 1258 1607 regum.

183 1626 234 1652 ne
257 1611 425 1666 longum
448 1611 615 1653 faciam:
642 1613 739 1653 dum
763 1619 807 1653 tu
830 1613 1053 1666 quadrante
1076 1612 1254 1654 lavatum

183 1687 255 1714 rex
278 1673 373 1722 ibis,
399 1688 531 1727 neque
555 1681 594 1714 te
619 1674 836 1727 quisquam
859 1675 1029 1729 stipator
1050 1675 1230 1729 ineptum

182 1741 341 1789 praeter
366 1733 602 1790 Crispinum
627 1735 864 1785 sectabitur,
890 1743 930 1777 et
953 1736 1053 1776 mihi
1076 1736 1214 1777 dulces

183 1797 415 1852 ignoscent,
441 1797 475 1838 si
500 1797 599 1850 quid
621 1812 793 1852 peccaro
819 1797 983 1847 stultus,
1010 1798 1141 1847 amici,

182 1859 305 1912 inque
329 1859 460 1900 vicem
483 1859 643 1900 illorum
666 1860 797 1914 patiar
820 1860 966 1901 delicta
989 1859 1170 1909 libenter,

182 1921 446 1975 privatusque
470 1921 601 1976 magis
626 1921 762 1962 xivam
786 1928 825 1962 te
849 1936 944 1978 rege
968 1921 1124 1963 beatus.

685 2080 919 2119 SATIRA
948 2082 1025 2120 IV.

183 2167 355 2222 Eupolis
381 2173 502 2221 atque
528 2166 720 2209 Cratinus
743 2166 1123 2223 Aristophanesque
1146 2174 1302 2223 poetae,

183 2235 304 2282 atque
328 2229 396 2270 alii
419 2244 591 2283 quorum
617 2230 827 2271 comoedia
849 2230 984 2284 prisca
1006 2230 1185 2271 virorum
1209 2234 1284 2278 est,

184 2291 219 2331 si
241 2289 331 2343 quis
357 2299 442 2331 erat
466 2291 614 2346 dignus
639 2290 833 2340 describi,
859 2291 969 2344 quod
991 2290 1122 2332 malus
1147 2296 1217 2331 aut
1239 2289 1318 2340 fur,

182 2351 292 2404 quod
316 2352 509 2393 moechus
534 2352 638 2394 foret
662 2358 732 2392 aut
756 2352 923 2393 sicarius
948 2360 1018 2393 aut
1041 2352 1192 2406 alioqui

182 2413 384 2462 famosus,
410 2414 538 2455 multa
562 2428 654 2454 cum
677 2413 859 2455 libertate
883 2414 1090 2455 notabant.

181 2473 277 2516 hinc
301 2475 432 2516 omnis
456 2475 606 2530 pendet
628 2475 836 2524 Lucilius,
860 2475 984 2516 hosce
1009 2487 1218 2529 sequutus,

182 2537 346 2578 mutatis
371 2543 527 2578 tantum
550 2536 721 2592 pedibus
746 2537 1023 2591 numerisque:
1047 2537 1217 2588 facetus,

182 2604 393 2640 emunctae
419 2600 545 2649 naris3
571 2599 695 2640 durus
720 2613 961 2655 componere
984 2613 1138 2641 versus.
