1500 2820
169 196 249 238 160
596 205 638 247 Q.
651 204 861 242 HORATII
879 205 1063 244 FLAGCI

81 321 144 353 150
168 308 220 350 ad
242 308 555 350 numerandum:
581 309 784 351 hominem
809 310 868 351 sie
891 309 1025 366 erigit3
1050 310 1162 352 addit
1185 318 1225 353 et
1245 311 1362 355 illud:
1391 315 1394 317 ’

165 370 209 412 ni
231 377 302 412 tua
324 371 522 420 custodis,
548 371 691 413 avidus
714 372 794 413 iam
818 372 919 414 haee
942 372 1098 414 auferet
1119 373 1247 416 heres.
1272 399 1326 405 -—

166 431 270 473 men’
282 432 400 474 vivo?
411 438 522 473 -ut
534 432 648 474 vivas
660 433 794 489 igitur,
814 433 956 489 vigila:
981 433 1059 475 hoc
1070 449 1158 490 age.
1172 459 1225 466 ——
1237 435 1335 490 quid
1345 436 1477 479 vis?—

161 494 348 537 defioient
368 494 530 550 inopem
554 509 682 536 venae
705 501 762 545 te,
787 495 828 536 ni
853 494 966 537 cibus
991 501 1112 549 atque

165 555 309 611 ingens
335 557 501 597 accedat
525 557 732 598 stomacho
756 556 907 598 fultura
929 558 1073 598 ruenti.

80 630 142 661 155
166 623 210 658 tu
234 618 398 659 cessas?
421 619 615 674 agedum,
642 634 756 660 sume
779 619 857 660 hoe
879 619 1142 674 ptisanarium
1167 635 1324 676 oryzae.
1349 645 1402 652 --

165 680 303 733 quanti
317 686 446 721 emtae
454 680 521 720 ’.Ρ-
532 695 670 735 parvo.
680 705 724 710 —
736 681 876 735 quanti
889 695 984 737 ergo
991 682 1359 724 ‘?-—oetussibus.—
1373 683 1484 734 eheu,

165 741 263 794 quid
285 741 422 791 refert,
447 742 589 784 morbo
614 758 665 783 an
688 742 806 784 furtis
829 757 1074 798 pereamque
1096 743 1273 798 rapinis?
1294 769 1347 775 -—

164 802 351 856 quisnam
374 803 497 859 igitur
521 805 669 846 sanus?
693 806 762 858 qui
785 820 866 847 non
890 806 1048 848 stultus.
1075 807 1172 860 quid
1195 806 1366 848 avarus?

165 864 311 906 stultus
337 871 376 907 et
399 866 578 908 insanus.
605 866 714 920 quid,
741 867 776 908 si
799 867 889 920 quis
914 882 995 908 non
1019 868 1070 909 sit
1095 883 1258 918 avarus,

77 938 140 969 160
166 927 356 968 continuo
381 928 531 969 sanus?
554 928 731 969 minime.
757 943 845 978 cur,
874 927 1035 970 Stoice?
1059 929 1202 979 dicam,

164 1002 244 1029 non
269 995 331 1030 est
355 990 563 1031 cardiacus
588 1013 642 1020 ——
668 990 881 1032 Craterum
905 991 1056 1032 dixisse
1079 998 1221 1046 putato
1245 1017 1298 1022 ——

163 1050 230 1092 hie
254 1066 386 1107 aeger.
412 1058 519 1093 reete
544 1059 606 1094 est
628 1053 752 1108 igitur
776 1053 1019 1109 surgetque?
1042 1053 1224 1109 negabit,

163 1113 274 1166 quod
297 1114 401 1155 latus
427 1122 495 1155 aut
518 1129 634 1156 renes
659 1114 800 1156 morbo
824 1121 1028 1156 tentantur
1051 1121 1180 1156 acuto.

162 1189 243 1216 non
269 1181 330 1217 est
353 1177 537 1231 periurus
562 1191 693 1230 neque
719 1178 906 1218 sordidus
915 1193 926 1227 3
950 1177 1131 1218 immolet
1153 1177 1292 1230 aequis

75 1249 137 1279 165
161 1236 226 1277 hic
249 1252 418 1292 porcum
442 1238 633 1279 Laribus.
658 1253 798 1279 verum
823 1238 1060 1280 ambitiosus
1085 1244 1125 1280 et
1147 1239 1280 1279 audax
1287 1254 1299 1289 ;

161 1299 326 1354 naviget
349 1299 603 1355 Anticyram.
630 1301 728 1354 quid
752 1301 859 1342 enim
884 1301 1031 1351 differt,
1057 1300 1299 1342 barathrone

163 1361 288 1403 dones
314 1363 511 1416 quidquid
534 1362 660 1404 habes
686 1378 739 1404 an
761 1378 969 1417 nunquam
992 1368 1105 1404 utare
1128 1363 1304 1418 paratis?

165 1423 333 1467 Servius
360 1424 566 1480 Oppidius
593 1424 749 1467 Canusi
772 1426 852 1467 duo
875 1425 1058 1481 praedia,
1084 1425 1197 1466 dives

163 1488 328 1540 antiquo
353 1502 494 1536 censu,
520 1487 624 1529 natis
649 1488 799 1529 divisse
823 1487 982 1528 duobus

76 1557 138 1588 170
162 1544 290 1584 fertur
313 1549 352 1583 et
375 1543 476 1584 haec
500 1544 673 1584 moriens
697 1544 832 1598 pueris
857 1543 1008 1584 dixisse
1038 1542 1191 1583 vocatis

163 1606 215 1646 ad
238 1605 405 1646 lectum:
430 1612 646 1659 postquam
671 1611 709 1645 te
734 1605 854 1655 talos,
879 1604 1006 1654 Aule,
1031 1619 1237 1657 nucesque

162 1667 267 1708 ferre
293 1668 383 1707 sinu
407 1667 517 1716 laxo,
544 1667 693 1707 donare
717 1673 757 1707 et
779 1666 917 1708 ludere
941 1665 1042 1715 vidi,

163 1735 220 1778 te,
247 1729 398 1778 Tiberi,
424 1743 655 1778 numerare,
681 1729 791 1770 cavis
816 1729 1065 1770 abscondere
1089 1727 1243 1768 tristem
1251 1743 1262 1778 3

164 1792 349 1840 extimui,
373 1806 424 1832 ne
448 1806 520 1832 vos
546 1797 684 1847 ageret
706 1791 873 1832 vesania
897 1791 1070 1839 discors,

76 1867 136 1896 175
162 1860 206 1894 tu
228 1853 547 1903 Nomentanum,
572 1861 614 1894 tu
640 1867 690 1894 ne
716 1867 926 1906 sequerere
953 1851 1152 1894 Cicutam.

161 1930 286 1969 quare
309 1930 382 1970 per
405 1915 521 1956 divos
547 1922 682 1956 oratus
707 1922 876 1968 uterque
900 1914 1095 1963 Penates,

163 1985 207 2017 tu
231 1991 330 2018 eave
353 1991 405 2017 ne
429 1977 607 2026 minuas,
633 1983 678 2017 tu
701 1991 752 2017 ne
775 1977 907 2017 maius
931 1976 1058 2016 facias
1081 1974 1142 2023 id,

162 2039 272 2092 quod
296 2039 395 2080 satis
420 2053 511 2079 esse
533 2044 650 2093 putat
671 2044 787 2092 pater
810 2044 849 2078 et
872 2044 1016 2078 natura
1039 2041 1208 2077 coercet.

160 2107 369 2155 praeterea
392 2115 443 2141 ne
466 2115 540 2142 vos
565 2100 698 2140 titillet
720 2099 866 2154 gloria,
891 2099 977 2139 iure

75 2175 138 2206 180
161 2162 330 2204 iurando
354 2161 606 2216 obstringam
630 2160 768 2202 ambo:
794 2167 883 2201 uter
906 2160 1046 2201 aedilis
1071 2158 1242 2200 fueritve

160 2231 341 2265 vestrum
364 2231 542 2278 praetor,
567 2223 602 2264 is
627 2221 866 2263 intestabilis
892 2228 931 2262 et
956 2235 1069 2262 saeer
1092 2226 1191 2261 esto.

160 2286 204 2326 in
227 2286 356 2327 eicere
380 2292 500 2338 atque
523 2284 620 2326 faba
644 2284 751 2325 bona
774 2290 818 2324 tu
840 2283 1068 2338 perdasque
1091 2281 1259 2336 lupinis,

160 2348 266 2388 latus
290 2354 336 2388 ut
359 2347 401 2388 in
425 2348 531 2388 circo
556 2346 727 2400 spatiere
752 2351 792 2386 et
815 2359 964 2386 aeneus
989 2350 1034 2385 ut
1057 2350 1158 2392 stes,

161 2409 294 2450 nudus
321 2409 448 2464 agris,
472 2408 607 2449 nudus
631 2407 827 2455 nummis,
851 2407 1011 2455 insane,
1034 2402 1238 2460 paternis?

75 2483 137 2515 185
163 2471 315 2513 scilieet
338 2476 383 2511 ut
405 2470 587 2525 plausus,
614 2483 716 2523 quos
741 2468 819 2508 fert
842 2467 1048 2523 Agrippa,
1073 2466 1181 2507 feras
1206 2471 1269 2514 tu,

160 2540 294 2574 astuta
317 2533 540 2588 ingenuum
562 2531 706 2586 vulpes
730 2531 885 2571 imitata
907 2528 1084 2571 leonem!
1104 2553 1159 2559 -—

160 2609 211 2636 ne
235 2595 326 2648 quis
350 2594 542 2635 humasse
566 2593 663 2634 velit
685 2591 876 2641 Aiacem,
901 2590 1066 2640 Atrida,
1091 2595 1204 2630 vetas
1230 2587 1325 2629 eur?
1347 2610 1401 2618 —-—

160 2670 233 2698 rex
257 2671 359 2698 sum.
385 2681 437 2686 —
462 2656 519 2696 nil
541 2655 645 2696 ultra
668 2668 818 2707 quaero
839 2652 1036 2708 plebeius.
1061 2676 1115 2682 —
1139 2657 1180 2692 et
1203 2663 1373 2704 aequam

1470 2611 1500 2820 3
