1500 2820
464 187 671 227 EPODON
694 187 861 224 LIBER.
1263 174 1346 221 115

50 266 78 284 Αι-

151 297 236 341 iam
258 300 399 339 manet
422 294 592 338 humida
616 301 729 337 creta
752 294 946 349 colorque
1373 305 1415 337 lo

70 360 78 394 fi-
98 366 274 405 stercore
297 358 462 402 fucatus
487 357 699 409 crocodili,
724 357 910 413 iamque,
937 356 1125 400 subando

151 429 282 474 tenta,
308 421 460 465 cubilia
482 426 672 476 tectaque
695 421 869 477 rumpit3

96 485 163 531 vel
183 500 278 529 mea
301 500 397 528 cum
421 484 556 528 saevis
581 483 711 541 agitat
733 483 903 527 fastidia
926 483 1084 527 verbis:

155 547 356 602 „Inachia
377 547 552 605 langues
575 547 714 590 minus
739 561 789 590 ac
811 561 879 589 me
886 563 898 598 3

97 611 310 656 Inachiam
333 617 396 654 ter
417 615 537 654 nocte
560 616 699 666 potes,
724 609 826 652 mihi
852 623 1016 666 semper
1039 609 1092 651 ad
1116 624 1244 651 unum
1375 621 1416 653 15

153 674 289 717 mollis
315 689 432 731 opus.
457 679 600 731 pereat
622 673 730 716 male
755 687 862 728 quae
886 679 926 715 te

97 737 255 781 Lesbia
278 737 490 793 quaerenti
514 743 678 779 taurum
701 736 948 779 monstravit
971 735 1157 787 inertem,

153 815 248 844 cum
270 800 372 843 mihi
396 799 512 843 Cous
537 800 702 843 adesset
725 798 949 855 Amyntas,

98 864 214 908 cuius
236 864 280 906 in
303 863 502 907 indomito
527 863 780 906 constantior
802 863 973 920 inguine
996 877 1161 914 nervus,

152 942 279 983 quam
301 942 410 970 nova
433 926 608 970 collibus
634 926 756 970 arbor
778 926 976 969 inhaeret.
1373 937 1417 969 20

98 990 322 1034 muricibus
346 990 486 1047 Tyriis
510 990 682 1034 iteratae
705 989 859 1032 vellera
882 989 1002 1032 lanae

155 1053 221 1096 cui
243 1053 595 1110 properabantur?
619 1053 694 1097 tibi
718 1067 880 1109 nempe,

98 1129 150 1159 ne
172 1116 280 1159 foret
302 1116 496 1171 aequales
521 1116 627 1159 inter
651 1116 847 1167 conviva,
873 1115 1007 1172 magis
1033 1129 1155 1170 quem

153 1179 343 1238 diligeret
365 1179 514 1222 mulier
538 1194 614 1222 sua
638 1194 764 1235 quam
789 1186 841 1221 te.

99 1257 124 1285 o
147 1257 227 1299 ego
250 1257 334 1285 non
357 1242 477 1294 felix,
503 1257 629 1298 quam
653 1249 700 1284 tu
722 1242 836 1299 fugis
862 1248 907 1284 ut
931 1247 1057 1298 pavet
1080 1255 1196 1284 acres
1377 1253 1419 1285 25

154 1320 264 1362 agna
285 1305 407 1362 lupos
433 1319 689 1362 capreaeque
712 1305 895 1348 leones.“

459 1440 722 1481 GARMEN
751 1440 878 1480 XIII.

489 1537 565 1569 AD
602 1536 843 1570 AMICOS.

99 1618 281 1662 Horrida
302 1625 528 1676 tempestas
554 1621 716 1664 caelum
740 1621 962 1672 contraxit,
989 1627 1029 1663 et
1052 1620 1206 1663 imbres

154 1683 354 1739 nivesque
378 1684 589 1727 deducunt
612 1685 757 1728 Iovem
765 1702 777 1737 3
802 1700 914 1727 nunc
937 1699 1050 1727 mare
1075 1699 1185 1727 nunc
1211 1684 1341 1726 siliiae

99 1746 290 1789 Threicio
313 1746 523 1802 Aquilone
549 1754 708 1792 sonant.
733 1749 962 1806 rapiamus,
989 1749 1123 1799 amici,

156 1809 419 1853 occasionem
442 1811 494 1853 de
519 1811 604 1862 die,
631 1812 812 1867 dumque
837 1812 971 1854 virent
994 1827 1132 1869 genua

101 1877 141 1915 et
163 1872 301 1924 decet,
326 1873 506 1917 obducta
530 1875 714 1917 solvatur
737 1875 872 1918 fronte
898 1883 1101 1918 senectus.
1379 1890 1398 1920 5

155 1941 203 1977 tu
224 1935 322 1978 vina
346 1936 558 1992 Torquato
582 1953 705 1980 move
730 1938 900 1981 consule
924 1953 1070 1995 pressa
1092 1953 1199 1981 meo.

101 2003 237 2040 cetera
259 1998 377 2041 mitte
399 1999 532 2054 loqui:
557 2000 660 2042 deus
684 2000 788 2043 haec
812 2001 989 2043 sortasse
1014 2001 1196 2057 benigna

156 2060 327 2103 reducet
350 2061 394 2102 in
418 2062 560 2103 sedem
584 2062 686 2105 vice.
711 2077 822 2105 nunc
846 2070 886 2106 et
909 2062 1195 2106 Achaemenio

103 2124 297 2180 perfundi
320 2125 450 2167 nardo
473 2125 589 2168 iuvat
614 2132 654 2168 et
676 2126 759 2169 fide
786 2126 987 2183 Cyllenea

159 2187 298 2230 levare
322 2188 421 2230 diris
444 2195 613 2245 pectora
636 2189 1002 2242 sollicitudinibus3
1381 2203 1424 2235 10

103 2250 253 2294 nobilis
278 2256 324 2293 ut
346 2251 495 2307 grandi
519 2252 668 2295 cecinit
694 2251 930 2296 Centaurus
955 2253 1143 2296 alumno:

162 2313 338 2366 „invicte
362 2314 546 2358 mortalis
571 2316 650 2358 dea
672 2323 768 2359 nate
791 2331 895 2374 puer
919 2317 1110 2368 Thetide,

104 2382 145 2418 te
168 2383 308 2419 manet
329 2375 530 2420 Assaraci
553 2379 693 2431 tellus,
718 2394 845 2435 quam
868 2380 1022 2438 frigida
1044 2381 1162 2438 parvi

162 2438 324 2482 findunt
348 2438 594 2484 Scamandri
614 2442 786 2485 flumina
808 2443 992 2486 lubricus
1018 2450 1058 2486 et
1085 2442 1258 2495 Simois3

105 2501 215 2544 unde
239 2501 315 2545 tibi
336 2503 515 2546 reditum
538 2511 650 2548 certo
675 2505 908 2549 subtemine
932 2506 1090 2550 Parcae
1382 2519 1423 2551 15

160 2579 327 2620 rupere,
352 2581 430 2610 nec
452 2574 584 2611 mater
609 2569 777 2612 domum
801 2570 965 2612 caerula
989 2577 1029 2612 te
1052 2570 1233 2613 revehet.

105 2627 188 2669 illic
212 2642 333 2671 omne
356 2630 512 2673 malum
535 2631 632 2675 vino
657 2638 863 2687 cantuque
886 2633 1036 2684 levato,

163 2689 360 2734 deformis
385 2694 661 2750 aegrimoniae
686 2695 877 2738 dulcibus
902 2696 1106 2751 alloquiis.

1071 2767 1127 2806 8*
