1500 2820
118 1138 158 1168 10

115 1473 154 1504 15

113 1809 155 1840 20

110 2173 153 2204 25

110 2506 151 2538 30

191 167 245 211 86

623 179 667 223 Q.
685 180 894 218 HORATII
910 181 1090 220 FLACOI

675 342 930 382 CARMEN
958 345 1035 383 IV.

602 436 794 469 DRUSI
827 437 1097 471 LAUDES.

381 516 556 570 Qualem
578 518 807 560 ministrum
829 518 1009 562 fulminis
1035 520 1183 571 alitem,

379 579 443 620 cui
465 594 538 620 rex
561 579 729 621 deorum
751 595 922 636 regnum
945 581 988 622 in
1011 596 1106 624 aves
1132 597 1258 638 vagas

433 641 633 695 permisit,
660 648 849 696 expertus
874 642 1034 684 fidelem

488 702 671 756 Iuppiter
693 703 735 743 in
760 701 999 759 Ganymede
1022 704 1140 755 flavo,

379 791 474 831 olim
497 791 682 834 iuventas
708 799 748 834 et
770 794 923 848 patrius
947 794 1064 848 vigor

377 853 471 894 nido
495 852 681 895 laborum
702 855 880 910 propulit
903 856 1088 905 inscium,

432 915 641 969 vernique,
666 916 748 958 iam
770 917 918 959 nimbis
943 918 1121 968 remotis,

487 977 670 1020 insolitos
695 979 868 1020 docuere
892 979 1005 1020 nisus

375 1066 484 1107 venti
507 1074 740 1122 paventem,
764 1083 863 1112 mox
883 1069 927 1109 in
949 1069 1072 1111 ovilia

375 1127 538 1169 demisit
558 1128 720 1170 hostem
742 1130 903 1171 vividus
926 1130 1114 1185 impetus,

429 1204 537 1231 nunc
560 1190 602 1231 in
625 1191 868 1233 reluctantes
892 1192 1087 1234 dracones

485 1252 569 1306 egit
592 1267 706 1294 amor
728 1253 844 1308 dapis
869 1259 989 1307 atque
1011 1269 1174 1310 pugnae
1181 1271 1193 1306 ;

374 1340 586 1394 qualemve
609 1341 725 1383 laetis
751 1357 896 1397 caprea
918 1343 1081 1398 pascuis

373 1401 526 1443 intenta
549 1402 686 1445 fulvae
710 1404 849 1446 matris
873 1403 925 1446 ab
948 1405 1072 1449 ubere

429 1464 511 1506 iam
533 1464 637 1506 lacte
661 1466 877 1520 depulsum
898 1466 1069 1516 leonem,

484 1526 602 1568 dente
626 1541 731 1569 novo
754 1528 948 1582 peritura,
974 1528 1091 1570 vidit:

372 1615 510 1656 videre
538 1615 707 1657 Rhaetis
732 1615 839 1658 bella
863 1617 939 1659 sub
963 1616 1141 1672 Alpibus

371 1676 555 1718 Drusum
579 1684 788 1732 gerentem
811 1677 1012 1720 Vindelici
1020 1695 1030 1729 3
1056 1704 1110 1710 —
1133 1680 1284 1734 quibus

427 1753 516 1780 mos
541 1739 648 1780 unde
672 1739 870 1781 deductus
893 1754 967 1794 per
988 1755 1108 1782 omne

484 1805 644 1855 tempus
667 1799 898 1842 Amazonia
922 1802 1053 1843 securi

371 1888 534 1930 dextras
559 1888 757 1939 obarmet‚
783 1904 975 1943 quaerere
999 1891 1149 1941 distuli,

370 1965 446 1991 nec
470 1951 572 1992 scire
595 1950 659 1993 fas
683 1958 746 1993 est
768 1952 922 2001 omnia3
946 1977 1000 1982 -—
1025 1953 1098 1994 sed
1121 1953 1190 1995 diu

425 2011 586 2066 lateque
609 2012 796 2054 victrices
821 2020 1006 2054 catervae

482 2074 660 2116 consiliis
682 2075 840 2116 iuvenis
863 2075 1038 2117 revictae

371 2177 552 2213 sensere,
578 2164 676 2218 quid
698 2178 812 2205 mens
836 2165 928 2214 rite,
954 2164 1051 2218 quid
1075 2164 1231 2207 indoles

370 2225 519 2266 nutrita
542 2225 687 2266 faustis
713 2225 788 2266 sub
811 2226 1086 2280 penetralibus

423 2294 580 2340 posset,
607 2287 704 2340 quid
727 2286 909 2341 Augusti
932 2293 1124 2341 paternus

468 2348 520 2388 >in
542 2362 690 2403 pueros
715 2348 871 2389 animus
896 2348 1090 2389 Nerones.

370 2437 494 2479 fortes
519 2444 704 2479 creantur
727 2438 898 2479 fortibus
924 2446 963 2479 et
986 2439 1123 2489 bonis3

369 2505 430 2540 est
453 2499 495 2540 in
517 2499 717 2549 iuvencis,
743 2507 804 2540 est
828 2500 869 2540 in
893 2500 1007 2553 equis
1030 2507 1191 2555 patrum

424 2561 569 2610 virtus,
593 2576 669 2603 nec
691 2561 894 2602 imbellem
918 2561 1073 2603 feroces

477 2630 748 2678 progenerant
771 2623 927 2676 aquilae
952 2623 1179 2665 columbam
1187 2639 1199 2673 3
