1500 2820
367 185 642 226 CARMINUM
666 184 763 222 LIB.
781 183 850 222 111.

125 297 204 340 hac
226 302 313 339 arte
336 294 490 337 Pollux
513 298 554 335 et
577 307 710 349 vagus
738 289 943 334 Hercules

125 359 265 404 enisus
289 372 406 401 arces
430 356 567 414 attigit
588 355 747 413 igneas,

175 436 281 478 quos
305 421 412 463 inter
433 419 655 476 Augustus
678 417 925 460 recumbens

235 498 442 542 purpureo
465 482 570 526 bibit
593 496 662 525 ore
685 486 839 523 nectar.

123 578 202 620 hac
226 583 266 619 te
290 581 533 626 merentem,
558 573 724 616 Bacche
748 579 884 630 pater,
911 580 1004 615 tuae

122 654 273 683 vexere
298 639 443 696 tigres,
468 637 637 680 indocili
660 637 806 694 iugum

180 703 286 746 collo
310 701 536 744 trahentes:
560 700 640 742 hac
665 699 866 754 Quirinus

237 765 387 807 Martis
413 764 529 819 equis
554 763 795 806 Acheronta
818 761 940 819 fugit,

125 858 290 909 gratum
314 850 508 905 eloquuta
532 847 845 892 consiliantibus

124 916 283 957 Iunone
307 913 432 956 divis:
460 912 611 965 „Ilion,
637 912 744 954 Ilion

179 977 316 1021 fatalis
339 978 606 1032 incestusque
629 976 756 1019 iudex

236 1048 278 1084 et
300 1041 448 1083 mulier
470 1040 689 1098 peregrina
711 1039 835 1083 vertit

121 1131 164 1172 in
186 1127 418 1185 pulverem,
443 1142 496 1170 ex
519 1142 602 1182 quo
627 1127 812 1169 destituit
836 1126 937 1169 deos

126 1192 314 1234 mercede
338 1198 461 1248 pacta
483 1191 749 1242 Laomedon,
775 1190 876 1232 mihi

179 1262 402 1310 castaeque
426 1255 668 1298 damnatum
691 1254 909 1297 Minervae

235 1333 330 1362 cum
352 1318 507 1375 populo
532 1324 573 1361 et
596 1318 701 1360 duce
726 1317 1002 1360 fraudulento.

120 1408 204 1449 iam
226 1420 304 1448 neo
326 1405 548 1448 Lacaenae
574 1405 762 1461 splendet
786 1404 996 1447 adulterae

122 1469 308 1512 famosus
332 1468 506 1524 hospes,
532 1482 609 1510 neo
632 1467 791 1510 Priami
815 1469 962 1511 domus

176 1532 340 1589 periura
362 1546 575 1589 pugnaces
600 1531 788 1574 Achivos

241 1594 458 1637 Hectoreis
484 1593 632 1650 opibus
656 1594 858 1652 refringit,

121 1681 355 1735 nostrisque
380 1681 551 1723 ductum
578 1680 851 1724 seditionibus

124 1743 277 1785 bellum
301 1743 466 1787 resedit.
491 1743 680 1800 protinus
706 1750 747 1786 et
770 1759 919 1801 graves

178 1806 260 1848 iras
287 1812 327 1847 et
349 1806 531 1848 invisum
554 1813 760 1863 nepotem,

238 1868 365 1911 Troia
388 1883 513 1924 quem
535 1870 697 1925 peperit
721 1870 929 1920 sacerdos,

123 1956 252 1998 Marti
275 1956 486 1999 redonabo
494 1973 506 2008 3
530 1956 647 1998 illum
673 1972 752 2014 ego
776 1957 935 2000 lucidas

123 2021 223 2063 inire
249 2020 388 2071 sedes,
415 2020 566 2062 ducere
589 2021 766 2063 nectaris

181 2097 328 2125 succos
353 2089 394 2124 et
418 2082 599 2125 adscribi
622 2083 772 2138 quietis

238 2145 450 2188 ordinibus
474 2146 608 2202 patiar
631 2147 815 2189 deorum.

125 2233 226 2275 dum
250 2232 400 2289 longus
425 2233 531 2275 inter
554 2234 711 2277 saeviat
732 2234 842 2278 Ilion

127 2295 387 2350 Romamque
411 2303 582 2352 pontus,
608 2297 792 2352 qualibet
816 2298 981 2341 exsules

180 2359 224 2400 in
247 2365 363 2414 parte
386 2365 587 2416 regnanto
610 2359 739 2412 beati3

237 2421 337 2462 dum
359 2420 517 2464 Priami
540 2421 788 2479 Paridisque
812 2423 936 2467 busto

124 2506 295 2549 insultet
319 2514 549 2550 armentum
573 2515 614 2551 et
637 2509 795 2552 catulos
819 2510 932 2552 ferae

125 2569 259 2611 celent
281 2569 456 2622 inultae,
481 2577 561 2613 stet
587 2571 840 2628 Capitolium

181 2631 347 2687 fulgens
371 2633 714 2691 triumphatisque
738 2636 872 2691 possit

237 2694 374 2739 Roma
397 2696 513 2739 ferox
537 2698 635 2740 dare
658 2699 749 2741 iura
771 2698 924 2742 Medis.

1234 171 1291 216 53

1316 363 1358 394 10

1315 706 1356 738 15

1315 1048 1359 1080 20

1315 1415 1358 1447 25

1316 1758 1358 1790 30

1316 2096 1359 2127 35

1314 2435 1359 2464 40
