1566 2814
444 155 817 196 EPISTOLARUM
839 157 940 194 LIB.
957 157 1008 194 ΙΙ.

42 265 113 315 'o
133 271 264 309 meret
287 280 384 308 aera
406 263 511 308 liber
536 262 690 315 Sosiis,
715 263 783 305 hic
807 269 849 305 et
871 276 985 304 mare
1009 261 1158 304 transit

105 327 280 386 longum
302 335 402 372 noto
426 326 616 384 scriptori
640 331 836 383 prorogat
860 340 1024 367 aevum.

39 418 43 420 ν
100 397 198 435 sunt
219 391 371 434 delicta
394 397 551 441 tamen,
576 389 728 445 quibus
752 389 965 445 ignovisse
989 387 1185 430 velimus:

39 452 142 515 {lam
157 469 292 510 neque
312 454 468 497 chorda
485 468 635 496 sonum
652 452 800 503 reddit,
820 466 946 506 quem
957 450 1047 493 vult
1064 465 1214 493 manus
1228 456 1267 492 et
1280 464 1411 501 mens,

55 651 69 682 ἶ
94 659 188 687 rum
211 643 284 686 ubi
308 643 427 700 plura
449 642 582 685 nitent
603 641 647 684 in
671 640 871 692 carmine,
896 655 981 683 11011
1005 655 1084 697 ego
1108 639 1253 696 paucis

70 706 233 750 ffendar
256 705 449 757 maculis,
475 720 580 761 quas
605 711 678 748 aut
700 704 859 746 incuria
881 703 1001 755 fudit,

69 776 116 814 ut
137 769 321 812 humana
335 784 491 842 'parum
515 768 626 811 cavit
649 774 808 810 natura.
839 767 941 822 quid
964 782 1063 824 ergo
1089 766 1177 809 est?

36 839 91 894 ’,1ιὲ
114 833 289 905 scriptor
313 833 350 876 si
371 838 518 890 peccat
541 832 653 874 idem
676 831 869 874 librarius
894 846 1040 886 usque,

39 889 234 954 {quamvis
259 902 322 939 est
345 895 548 947 monitus,
573 894 696 938 venia
720 901 849 946 caret,
876 900 917 936 et
941 893 1203 936 citharoedus

42 960 217 1011 ridetur,
243 959 398 1002 chorda
421 958 494 1014 qui
519 973 684 1014 semper
706 957 871 1000 oberrat
895 958 1059 1000 eadem:

42 1022 107 1071 bic
129 1022 249 1074 mihi,
274 1022 346 1078 qui
368 1022 546 1064 multum
570 1027 725 1072 cessat,
750 1021 798 1062 fit
823 1019 1044 1063 Choerilus
1069 1020 1150 1070 ille,

44 1096 168 1143 quem
191 1085 256 1129 bis
281 1092 394 1128 terve
418 1084 575 1128 bonum
599 1099 695 1127 eum
719 1084 807 1126 risu
830 1084 975 1135 miror3
1001 1090 1042 1126 et
1064 1083 1176 1125 idem

43 1148 236 1206 indignor
258 1148 506 1204 quandoque
530 1147 666 1191 bonus
692 1147 887 1190 dormitat
911 1146 1139 1189 Homerus.

44 1226 190 1256 verum
213 1211 328 1269 operi
350 1211 477 1269 longo
501 1211 566 1254 fas
593 1218 657 1254 est
680 1210 880 1268 obrepere
906 1226 1110 1253 somnum.

100 1282 148 1318 ut
170 1275 347 1332 pictura,
372 1275 512 1332 poesis
537 1275 631 1327 erit3
656 1289 782 1331 quae,
809 1275 845 1317 si
867 1275 1038 1331 propius
1065 1281 1163 1325 stes,

46 1343 87 1381 te
111 1338 247 1395 capiat
270 1339 423 1395 magis,
450 1345 491 1381 et
514 1338 738 1393 quaedam,
764 1338 800 1380 si
823 1338 990 1395 longius
1015 1337 1168 1380 abstes.

44 1401 149 1444 haec
172 1407 284 1444 amat
308 1401 551 1453 obscurum3
575 1401 688 1444 volet
710 1401 815 1445 haec
840 1401 918 1445 sub
942 1402 1036 1444 luce
1060 1401 1204 1452 videri,

40 1463 194 1508 ‘iudicis
218 1471 413 1522 argutum
436 1479 544 1520 quae
567 1479 652 1507 non
675 1464 872 1508 formidat
895 1479 1089 1508 acumen:

44 1525 148 1571 haec
164 1527 326 1599 placuit
349 1527 496 1580 semel,
522 1527 626 1571 haec
650 1528 788 1571 decies
811 1528 987 1584 repetita
1009 1527 1201 1584 placebit.

43 1587 73 1650 9
93 1589 225 1633 maior
246 1590 463 1642 iuvenum,
489 1591 680 1647 quamvis
706 1598 747 1634 et
770 1606 872 1634 voce
895 1597 1069 1648 paterna

42 1644 212 1715 fingeris
236 1654 292 1696 ad
312 1661 472 1696 rectum
496 1660 537 1697 et
559 1669 635 1711 per
658 1661 699 1697 te
724 1654 856 1711 sapis,
882 1654 962 1696 hoc
986 1653 1062 1696 tibi
1086 1653 1243 1696 dictum

7 1771 9 1774 Α
20 1710 142 1990 {Be
164 1731 342 1769 memor,
373 1718 495 1760 certis
519 1718 703 1760 medium
729 1724 770 1760 et
793 1717 1007 1760 tolerabile
1031 1716 1156 1760 rebus

57 527 60 529 ’
123 517 312 573 centique
336 531 508 575 gravem
531 529 732 572 persaepe
757 515 928 557 remittit
951 521 1132 565 acutum,

34 528 121 831 {gd
144 595 309 637 semper
331 580 470 630 feriet,
496 579 788 635 quodcumque
814 577 1055 628 minabitur,
1082 591 1216 619 arcus.

72 658 95 688 e

114 1786 155 1822 te
178 1780 367 1823 concedi.
393 1780 642 1823 consultus
630 1780 732 1823 mris
757 1786 799 1822 et
822 1787 937 1822 actor

38 1863 66 1909 }-›
94 1857 286 1886 ussarum
309 1843 529 1886 mediocris
554 1842 673 1886 abest
697 1843 848 1885 virtute
873 1843 1017 1885 diserti

62 1906 275 1958 essalae,
314 1921 392 1950 nec
417 1907 495 1950 scit
519 1913 722 1962 quantum
747 1905 979 1949 Cascellius
1003 1906 1156 1957 Aulus,

142 1977 281 2013 tamen
302 1970 347 2013 in
369 1970 501 2027 pretio
525 1976 608 2020 est3
633 1969 910 2013 mediocribus
936 1984 1029 2012 esse
1053 1970 1186 2026 poetis

35 2042 128 2078 'non
150 2032 341 2077 homines
364 2048 449 2076 non
472 2033 516 2076 di
538 2048 623 2076 non
647 2048 890 2076 concessere
915 2033 1145 2076 columnae.

36 2091 92 2141 'ut
113 2102 252 2153 gratas
275 2097 382 2140 inter
404 2112 571 2140 mensas
597 2097 846 2154 symphonia
870 2097 1028 2140 discors

40 2164 88 2201 ot
110 2173 294 2202 crassum
319 2167 578 2217 unguentum
601 2167 642 2203 et
668 2158 803 2203 Sardo
828 2175 924 2202 cum
947 2159 1070 2203 melle
1094 2174 1279 2217 papaver

36 2218 276 2272 {bffendunn
302 2230 462 2279 poterat
485 2223 583 2266 duci
606 2223 704 2279 quia
728 2238 858 2266 coena
883 2223 972 2266 sine
995 2223 1106 2266 istis:

37 2283 108 2349 3⁸50
131 2285 278 2328 animis
301 2294 445 2328 natum
467 2286 765 2342 inventumque
788 2301 939 2343 poema
962 2286 1167 2337 iuvandis,

37 2346 85 2394 'ai
106 2346 293 2403 paullum
317 2364 479 2393 summo
504 2350 701 2401 decessit,
727 2350 862 2407 vergit
885 2351 939 2392 ad
963 2350 1106 2392 imum.

32 2394 191 2590 {gere
214 2410 286 2465 qui
310 2412 459 2464 nescit,
485 2413 788 2470 campestribus
813 2413 994 2456 abstinet
1018 2413 1157 2463 armis,

120 2478 321 2528 octusque
344 2474 452 2530 pilae
475 2476 632 2518 discive
657 2475 841 2518 trochive
865 2476 1053 2530 quiescit,

77 2548 102 2577 e
124 2549 284 2591 splssae
307 2536 437 2578 risum
460 2538 640 2580 tollant'
628 2553 798 2594 impune
824 2552 1019 2589 coronae;

30 2590 121 2814 ξι
141 2598 274 2641 nescit
297 2613 455 2650 versus,
467 2606 606 2643 tamen
629 2602 754 2644 audet
778 2601 948 2657 fingere.
973 2625 1030 2632 --
1056 2600 1250 2655 „quidni?

109 2674 154 2704 er
175 2667 217 2704 et
240 2661 466 2719 ingenuus,
490 2665 734 2719 praesertim
758 2679 909 2707 census
918 2671 1170 2720 ,equestrem

1325 147 1412 191 229

1438 273 1503 306 345

1438 588 1504 621 350

1440 904 1504 938 355

1441 1222 1507 1255 360

1441 1539 1507 1571 365

1442 1854 1508 1886 3⁷0

1441 2171 1506 2204 375

1440 2487 1506 2519 380
