1572 2756
153 143 247 174 VIII
648 147 698 174 DE
722 147 812 174 VITA
834 148 883 174 ΕΤ
907 147 1065 175 SCRIPTIS

149 222 191 253 ut
202 218 656 263 nonmodourbsetItalia‚
667 219 847 255 sedetiam
895 220 1176 256 romitteretur.1
1215 221 1360 257 Etenim
1377 219 1512 257 Brutus

149 267 280 308 gentes
293 264 511 298 acnationes
519 267 664 298 exterae
672 265 846 300 Romanis
901 265 1029 310 assius,
1042 265 1105 310 qui
1115 269 1202 316 post
1211 277 1339 302 necem
1351 265 1390 301 C.
1402 266 1470 301 Iul.
1479 265 1532 302 Ca

147 311 320 352 parentes
343 311 530 354 tamquam
553 309 734 343 communi
758 320 846 355 quo·
871 309 961 345 saris
979 310 1017 344 in
1034 310 1242 354 provincias
1258 311 1305 346 ab
1318 310 1390 346 hoc
1401 310 1483 356 ipso
1497 311 1527 346 si

149 353 232 387 dam
247 353 419 387 incendio
440 353 718 398 corriperentur.
750 354 845 396 Quo·
870 354 989 399 datas,
1004 353 1146 399 Syriam
1159 354 1466 400 etMacedoniam,
1481 366 1553 390 con

147 408 226 431 rum
250 409 359 442 quum
381 398 474 432 alter
492 397 540 432 ad
557 398 775 433 Pharsalum
797 399 844 433 ab
871 402 1067 442 cesserant,
1093 398 1305 450 ingentibus
1328 399 1483 434 militum
1507 410 1572 456 003

146 441 253 476 hoste
267 442 430 475 devictus
444 453 475 476 a.
488 453 522 476 u.
531 442 707 476 706.=48.
720 454 752 477 a.
761 441 844 477 Chr.
868 443 938 487 piis
952 447 1171 488 comparatis
1182 443 1406 488 reipublicae
1418 443 1572 526 ΗΜΛ-Ἡ

145 497 181 519 n.
199 489 236 520 et
259 497 342 520 mox
366 486 520 530 occisus,
551 487 645 520 alter
666 498 688 521 a
711 487 844 522 veteris
869 492 941 522 tem
973 492 1101 522 contra
1129 487 1207 522 eius
1236 498 1472 533 oppressores
1503 489 1527 524 d

145 529 370 574 reipublicae
389 530 554 575 patronis
572 535 610 565 et
622 530 746 566 amicis
764 542 844 576 per-
868 532 1018 566 fendere
1055 531 1333 567 constituerunt.
1377 532 1572 577 Adversuq't

146 585 274 608 cussus
287 585 331 608 ac
344 575 546 609 trucidatus
561 579 659 610 esset
670 576 717 622 (a.
726 586 761 610 u.
770 577 844 610 710.
867 576 936 610 hos
950 576 1061 621 igitur
1074 575 1209 611 Caesar
1221 575 1442 612 Octavianus
1461 582 1498 612 et
1513 577 1566 614 M.

143 618 236 652 =44.
255 630 288 652 a.
303 618 385 653 Chr.
397 619 470 664 n.)‚
496 619 701 654 occisorum
724 620 845 655 locum
867 620 1047 654 Antonius
1066 620 1204 655 bellum
1227 621 1424 665 gerendum
1443 633 1565 658 susce-

144 663 317 697 continuo
349 668 623 708 occupaverunt
652 665 700 700 M.
729 664 843 699 Anto-
894 669 1009 700 erunt.
1043 665 1102 699 Ibi
1120 675 1207 699 vero
1221 665 1365 710 accidit,
1381 669 1424 700 ut
1438 677 1497 702 res
1526 678 1566 701 u·-

142 707 224 741 nius
233 719 306 742 una
315 707 600 743 cumDolabella
607 712 683 742 tum
693 710 843 744 consule
894 709 965 743 lica
978 710 1124 744 tandem
1136 709 1272 743 ultimis
1285 709 1361 744 suis
1371 678 1564 754 praesidiis

143 756 180 786 et
193 750 269 786 Gai.
290 752 482 795 Octavius,
508 751 675 787 Caesaris
694 765 737 788 ex
750 753 844 788 Iulia
867 754 1069 788 orbaretur.
1127 752 1329 788 Commissa
1367 754 1463 789 enim
1503 765 1566 789 au-

143 807 268 831 sorore
297 807 414 841 nepos
445 801 482 831 et
504 796 602 831 filius
635 798 841 842 adoptivus,
866 802 991 832 tumno
1021 809 1053 832 a.
1078 798 1152 832 712.
1183 798 1330 843 gemina
1357 809 1483 844 pugna
1517 797 1567 838 at}

141 851 250 885 quem
267 842 470 875 avunculus
494 842 648 886 patratis
666 842 774 876 bellis
795 842 842 876 ci·
869 842 1058 886 Philippos
1072 846 1146 886 est,
1161 854 1234 888 qua
1246 842 1572 880 fractisBrutianin‘

140 885 274 919 vilibus
304 884 539 936 Apolloniam
568 886 605 919 in
632 887 754 921 studia
779 887 842 920 mi·
866 891 903 921 et
916 886 1101 920 Cassianis
1114 887 1280 931 partibus
1294 887 1402 922 etiam
1418 887 1568 931 priscae·

141 933 251 973 serat,
260 940 329 964 non
338 930 399 964 1lle
407 931 842 975 auguratusipsumbrevi
865 930 1089 975 reipublicae
1104 941 1193 975 opes
1205 931 1454 966 itaabsumtae
1467 934 1572 976 sunu>

139 974 336 1008 haeredem
365 985 485 1009 rerum
515 986 661 1008 suarum
688 975 842 1009 Romam
864 979 906 1009 ut
929 975 1049 1009 omnia
1071 976 1219 1010 tandem
1249 975 1297 1011 ad
1323 975 1566 1012 factiosorum·

139 1019 339 1052 rediturum
353 1019 841 1054 esseAEtenimoceisocJul.
864 1019 1067 1064 principum
1079 1019 1268 1054 arbitrium
1279 1020 1450 1054 redirent.
1468 1019 1569 1060 Nam

140 1062 299 1098 Caesare
318 1063 366 1097 M.
380 1062 576 1107 Antonius,
592 1075 765 1098 summam
777 1064 840 1098 im·
865 1064 1046 1098 exercitus
1074 1063 1180 1098 Bruti
1214 1068 1251 1098 et
1281 1062 1397 1098 Cassii
1430 1065 1569 1108 partim

138 1107 229 1185 Kerii
242 1106 431 1150 affectans,
453 1108 573 1142 statim
585 1107 675 1142 Dec.
688 1107 841 1142 Brutum
864 1108 990 1153 fugam
1008 1108 1220 1153 capessivit,
1244 1108 1376 1153 partim
1389 1108 1569 1145 Messalla·

159 1151 304 1186 lutinae
313 1153 840 1196 obsidionepremitetceteros
866 1151 1022 1187 Corvino
1045 1156 1084 1187 et
1100 1153 1143 1186 L.
1161 1151 1296 1188 Bibulo
1322 1153 1563 1188 suadentibus

138 1196 362 1241 reipublicae
382 1197 519 1231 amicos
543 1197 727 1232 hostiliter
746 1198 840 1233 inse-
864 1197 971 1231 venia
989 1197 1128 1231 reditus
1145 1197 1338 1241 impetrata
1349 1197 1511 1232 Antonio
1525 1200 1564 1233 et

139 1244 269 1275 ctatur.
280 1241 446 1282 Quocum
453 1241 838 1286 postmodoOctavius,
865 1240 1067 1276 Octaviano
1093 1252 1131 1276 se
1162 1241 1297 1276 dedit.²
1350 1241 1430 1282 Quo
1460 1241 1562 1276 facto

138 1285 268 1330 viginti
277 1285 838 1331 circiterannorumadolescens‚
862 1297 961 1320 nova
1001 1285 1270 1330 provinciarum
1305 1285 1564 1322 distributione

139 1330 373 1364 callidissime
391 1329 524 1364 foedus
541 1330 677 1375 iungit,
707 1335 747 1364 ut
772 1331 838 1365 sci-
862 1330 964 1365 facta
980 1330 1164 1365 Antonius
1181 1330 1384 1375 permansit
1404 1330 1443 1364 in
1459 1329 1561 1375 Asia,

138 1374 225 1409 licet
237 1375 409 1409 avunculi
427 1375 610 1409 occisores
629 1375 838 1410 ulciscatur.
863 1373 1086 1409 Octavianus
1100 1379 1222 1410 autem
1234 1374 1272 1409 in
1283 1374 1428 1409 Italiam
1441 1374 1560 1419 rediit,

138 1419 197 1453 Ita
208 1429 291 1453 mox
305 1419 425 1454 denuo
443 1419 539 1454 inter
553 1418 656 1454 Caes.
671 1418 838 1454 Octavia·
861 1423 903 1453 ut
914 1419 1052 1454 bellum
1064 1418 1563 1463 contraSextumPompeium

137 1475 233 1507 num,
247 1464 296 1497 M.
310 1463 510 1498 Antonium
523 1467 560 1498 et
572 1463 836 1499 M.Aemil.Le-
860 1474 966 1508 perse
995 1467 1142 1498 ueretur
1173 1470 1283 1508 atque
1319 1473 1430 1508 agros
1461 1466 1561 1498 octo-

137 1508 260 1552 pidum
279 1512 320 1542 ut
336 1507 543 1542 triumviros
558 1509 837 1543 constituendae
861 1507 978 1542 decim
1004 1507 1114 1542 tah'ae
1127 1507 1271 1542 urbium
1283 1507 1466 1542 veteranis
1478 1518 1562 1552 pro-

134 1552 361 1597 reipublicae
374 1553 560 1596 potentiae
575 1553 734 1588 societas
748 1554 794 1599 (a.
802 1565 836 1587 u.
861 1552 992 1586 missos
1005 1552 1099 1586 inter
1111 1563 1175 1586 eos
1189 1551 1434 1587 distribueret.
1457 1551 1562 1593 Quae

136 1596 309 1631 711.=43.
319 1596 436 1631 a.Chr.
446 1598 497 1644 n.)
505 1597 543 1631 in
552 1597 712 1643 quinque
720 1608 836 1632 annos
862 1597 1007 1642 quidem
1020 1607 1190 1641 agrorum
1203 1596 1332 1630 divisio
1346 1607 1458 1631 verno
1471 1600 1560 1631 tem—

135 1641 256 1685 initur,
266 1641 464 1686 provinciis
478 1641 586 1676 etiam
593 1642 709 1676 denuo
719 1642 836 1676 distri·
860 1651 949 1685 pore
963 1641 1049 1675 anni
1063 1641 1138 1675 713.
1156 1640 1296 1685 incepit
1313 1651 1383 1676 nec
1396 1641 1473 1676 sine
1486 1651 1560 1676 ma-

135 1686 244 1720 butis.
271 1690 372 1726 Quae
391 1697 449 1720 res
467 1686 577 1730 plane
597 1686 708 1721 cessit
719 1687 757 1720 in
769 1687 836 1721 rei·
860 1686 942 1730 gnis
954 1685 1066 1719 totius
1077 1685 1207 1720 Italiae
1220 1685 1560 1730 perturbationibus

134 1730 306 1781 publicae
318 1730 529 1774 perniciem.
554 1730 647 1765 Nam
660 1731 836 1765 triumviri
860 1733 898 1764 at
924 1741 970 1764 ue
983 1729 1143 1764 motibus
1157 1734 1309 1774 peracta
1321 1732 1411 1764 est.³

133 1774 237 1809 mitio
251 1776 338 1809 anni
352 1775 427 1809 713.
440 1786 515 1809 non
527 1775 635 1809 modo
643 1775 738 1809 Iulio
748 1774 835 1810 Cae·
930 1785 996 1809 aec
1008 1774 1119 1819 igitur
1128 1773 1561 1819 fuittemporumillorum

135 1819 210 1854 sari
223 1819 367 1854 divinos
380 1819 540 1854 honores
556 1820 806 1863 decreverunt,
820 1823 835 1847 1
858 1818 1007 1853 fortuna
1020 1822 1058 1853 et
1070 1818 1232 1853 conditio
1243 1845 1252 1862 ‚
1299 1829 1367 1853 uae
1380 1818 1560 1853 Horatius

135 1864 201 1898 sed
209 1864 338 1898 eodem
345 1868 508 1908 tempore
517 1864 622 1898 etiam
629 1874 744 1898 novas
753 1875 835 1898 con—
858 1873 949 1907 puer
962 1867 999 1898 ct
1011 1863 1226 1898 adolescens
1239 1863 1274 1896 vi
1301 1863 1339 1897 it.
1365 1862 1468 1904 Quae
1480 1862 1558 1908 qui-

134 1908 302 1944 fecerunt
359 1908 642 1952 roscriptionum
675 1908 833 1952 tabulas,
860 1909 942 1942 dem
975 1911 1142 1951 tempora
1176 1907 1246 1942 etsi
1274 1907 1561 1953 haudquaquam

135 1953 267 1998 quibus
285 1953 324 1986 in
364 1963 456 1988 onos
471 1952 568 1987 cives
581 1963 695 1998 prope
714 1953 835 1987 adhuc
858 1952 981 1986 fausta
999 1963 1043 1986 ac
1060 1951 1185 1986 felicia
1201 1950 1365 1995 fuerunt,
1397 1952 1560 1997 quando·

135 1997 835 2042 crudeliussaevitumest‚quamfactum
860 1997 1005 2041 quidem
1023 1995 1250 2040 reipublicae
1267 1996 1456 2031 Romanae
1506 2006 1561 2030 er-

135 2046 214 2077 erat
238 2040 398 2076 Sullanis
421 2042 665 2093 temporibuS,
703 2046 740 2076 et
763 2053 835 2076 una
857 2044 969 2085 petuo
989 2051 1070 2075 cum
1083 2040 1265 2075 libertatis
1284 2051 1371 2075 suae
1389 2040 1487 2091 hosti
1515 2051 1561 2074 us

134 2097 216 2122 cum
239 2086 438 2121 innumeris
458 2086 539 2121 aliis
564 2086 672 2120 etiam
696 2086 744 2120 M.
762 2086 834 2121 Va·
859 2084 1146 2119 conflictandum
1158 2084 1238 2128 fuit,
1251 2095 1368 2130 usque
1382 2085 1467 2118 dum
1477 2095 1560 2128 ipsa

132 2130 245 2167 lerius
258 2131 448 2176 Messalla,
474 2130 536 2176 qui
547 2131 673 2174 paullo
693 2134 778 2166 ante
796 2130 835 2164 in
858 2129 957 2163 humi
969 2132 1270 2174 prosterneretur,
1280 2139 1390 2174 quum
1402 2128 1558 2174 interim,

131 2175 258 2210 Asiam
271 2176 476 2210 adBrutum
489 2174 718 2220 confugerat,
727 2174 836 2209 morti
857 2178 899 2207 ut
918 2173 1141 2208 calamitosis
1165 2173 1371 2207 istiusmodi
1388 2173 1559 2218 tempori·

135 2221 290 2255 devotus
310 2223 399 2255 est.2
428 2221 628 2254 Praeterea
651 2219 706 2253 illi
724 2219 834 2254 etiam
857 2218 927 2252 bus
951 2218 1032 2253 fieri
1055 2217 1210 2261 assolet,
1241 2218 1349 2252 etiam
1373 2217 1560 2252 teterrima.

133 2265 271 2301 bellum
280 2265 456 2300 adversus
464 2265 615 2298 Brutum
624 2267 661 2298 et
668 2263 834 2298 Cassium
858 2263 958 2307 vitia,
973 2261 1159 2305 avaritiae,
1173 2261 1362 2306 mollitiae,
1369 2261 1557 2307 lubidinis,

135 2311 386 2353 decreverunt,
404 2309 458 2344 ita
468 2312 510 2343 ut
522 2309 703 2343 veteranis
716 2308 834 2342 militi·
857 2311 872 2341 t
942 2307 973 2341 is
997 2306 1206 2342 ambitionis
1247 2306 1460 2350 impietatis,
1485 2307 1559 2340 iam

133 2355 204 2389 bus
220 2355 321 2389 bello
342 2353 512 2388 confecto
532 2364 553 2387 a
602 2353 609 2360 '
631 2352 835 2388 octodecim
858 2352 907 2386 du
935 2363 994 2386 um
1022 2350 1159 2387 nutrita
1187 2333 1252 2385 illa
1277 2354 1315 2386 et
1336 2353 1556 2396 propagata,

133 2399 262 2435 Italiae
276 2399 431 2441 urbium,
451 2398 490 2432 in
503 2398 564 2450 qui
592 2409 635 2431 us
649 2397 834 2433 etiamVe-
857 2396 895 2430 in
909 2396 986 2430 dies
999 2395 1116 2440 magis
1173 2399 1400 2439 assarentur3
1434 2398 1558 2429 tamen

133 2444 251 2489 nusia,
269 2443 416 2478 Horatii
428 2446 560 2487 patria,
574 2442 655 2487 fuit,
675 2442 834 2487 itemque
857 2440 1031 2484 Horatio,
1056 2443 1098 2473 ut
1135 2443 1243 2474 uturo
1267 2442 1418 2484 poetae,
1442 2438 1556 2474 haud-

134 2500 268 2533 magna
290 2487 467 2532 pecuniae
493 2487 548 2521 vis
571 2486 723 2532 praemii
750 2487 832 2521 loco

873 2531 1024 2590 ‘bv-mmo
1038 2529 1116 2557 Cass.
1129 2530 1254 2556 XLVIII.
1267 2530 1310 2556 80.
1333 2528 1455 2562 Appiani.
1467 2529 1517 2556 IV.
1529 2530 1556 2556 3.

858 2572 873 2590 e
885 2583 888 2590 Ι
923 2582 932 2590 .
979 2581 987 2590 .

167 2603 183 2627 1
201 2602 256 2627 Dio
269 2600 348 2627 Cass.
361 2600 476 2626 XLVII.
489 2601 532 2626 18.
545 2599 608 2626 coll.
622 2600 695 2626 XLI.
709 2601 749 2626 86.
891 2599 906 2624 2
924 2598 1044 2630 Appiam.
1057 2597 1106 2623 IV.
1119 2598 1178 2623 186.

167 2637 184 2664 2
201 2642 229 2661 v.
242 2635 298 2661 Dio
312 2634 390 2661 Casa.
403 2634 501 2661 XLIX.
515 2635 557 2660 16.
890 2632 907 2657 8
923 2638 952 2658 v.
964 2631 1019 2657 mo
1033 2630 1112 2658 Casa.
1124 2630 1250 2658 XLVIII.
1262 2631 1290 2656 ο.
