1592 2808
431 151 707 191 CARMINUM
729 150 828 188 LIB.
847 150 877 187 1.

59 254 200 320 {quis
222 261 405 307 Martem
429 260 568 302 tunica
590 264 745 301 tectum
769 255 1033 299 adamantina

51 330 65 335 ”
83 326 236 385 .digne
260 323 488 381 scripserit,
513 329 584 365 aut
606 321 778 378 pulvere
803 320 954 362 Troico

46 391 92 446 ζ-
111 389 278 448 nigrum
300 387 536 437 Merionen,
563 391 635 428 aut
658 399 737 440 ope
760 383 946 426 Palladis

87 470 94 478 ··
167 451 361 508 Tydiden
385 449 545 506 superis
568 447 736 505 parem?

149 558 197 587 os
222 542 432 593 convivia,
455 556 533 584 nos
557 538 715 596 proelia
738 538 946 596 virginum

94 599 234 659 ,sectis
257 606 302 648 in
324 607 495 648 iuvenes
519 602 730 660 unguibus
756 602 913 644 acrium

113 675 326 714 cantamus
350 668 490 719 vacui,
516 667 605 710 sive
628 666 730 721 quid
753 665 922 716 urimur,

165 748 251 776 non
272 738 436 790 praeter
458 730 626 774 solitum
649 730 775 772 leves.

457 884 720 926 CARMEN
750 883 850 923 VH.

328 982 397 1015 AD
423 981 695 1016 MUNATIUM
718 979 974 1014 PLANCUM.

17 1068 281 1114 §Laudabunt
303 1068 373 1111 alii
397 1068 551 1111 claram
574 1067 755 1110 Rhodon
779 1072 850 1109 aut
874 1065 1108 1122 Mitylenen

85 1138 156 1176 aut
176 1131 397 1189 Ephesum
419 1131 643 1174 bimarisve
670 1129 859 1173 Corinthi

83 1258 267 1316 insignes
292 1264 364 1302 aut
387 1257 593 1301 Thessala
616 1257 788 1314 Tempe.

0 1330 125 1401 {sumt
147 1350 299 1406 quibus
323 1365 454 1393 unum
478 1365 583 1406 opus
609 1355 672 1391 est
695 1348 875 1390 intactae
899 1347 1084 1389 Palladis
1110 1346 1255 1389 urbem

0 1426 1 1464 j
53 1448 55 1450 .
86 1413 266 1457 carmine
289 1419 488 1470 perpetuo
513 1411 720 1455 celebrare
745 1418 786 1454 et

0 1477 209 1538 '’ijndique
233 1477 469 1533 decerptam
493 1476 619 1519 fronti
642 1490 896 1532 praeponere
920 1474 1086 1518 olivam.

49 1539 286 1603 «Usplurimus
309 1540 354 1582 in
376 1539 551 1583 Iunonis
575 1539 775 1582 honorem

16 1634 172 1689 tiptum
196 1631 306 1674 dicet
329 1631 446 1687 equis
470 1630 612 1688 Argos
638 1630 826 1685 ditesque
850 1629 1067 1687 Mycenas.

46 1732 50 1738 ,,
86 1709 153 1738 me
175 1710 252 1738 nec
274 1701 361 1738 tam
382 1695 545 1752 patiens
569 1694 866 1738 Lacedaemon

0 1770 108 1806 >mec
130 1764 214 1800 tam
236 1758 436 1801 Larissae
459 1758 664 1814 percussit
688 1773 860 1815 campus
886 1757 1062 1815 opimae,

38 1839 57 1870 z
86 1835 211 1878 quam
234 1821 382 1866 domus
405 1820 626 1866 Albuneae
648 1822 882 1865 resonantis

15 1915 75 1957 aa
94 1928 293 1971 praeceps
316 1913 430 1957 Anio
454 1929 504 1956 ac
528 1914 706 1957 Tiburni
727 1914 846 1956 lucus
872 1920 913 1956 et
936 1914 1020 1956 uda

39 1982 49 1998 '¹
86 1975 308 2020 mobilibus
331 1977 517 2034 pomaria
538 1977 651 2020 rivis.

15 2036 150 2090 zdbus
174 2045 222 2082 ut
245 2039 423 2083 obscuro
447 2040 635 2097 deterget
657 2040 801 2083 nubila
824 2040 940 2082 caelo

40 2116 212 2168 saepe
241 2102 376 2146 Notus
400 2117 536 2158 neque
559 2103 733 2159 parturit
756 2103 910 2146 imbres

14 2199 272 2268 {perpetuom
299 2194 359 2237 sic
382 2201 428 2237 tu
452 2195 617 2252 sapiens
641 2195 759 2238 finire
783 2201 990 2238 memento

50 2257 296 2300 tristitiam
318 2257 509 2313 vitaeque
532 2257 695 2302 labores

36 2301 166 2383 ᾓιοΠί,
190 2319 365 2371 Plance,
390 2336 523 2373 mero,
549 2336 624 2364 seu
647 2327 688 2364 te
712 2321 916 2379 fulgentia
941 2321 1071 2378 signis

39 2386 63 2418 '⁴³
67 2389 225 2425 castra
247 2389 387 2426 tenent
410 2399 485 2426 seu
508 2385 638 2427 densa
661 2384 816 2428 tenebit

35 2424 202 2541 &buris
226 2473 374 2516 umbra
396 2475 468 2518 tui.
495 2475 657 2518 Teucer
683 2475 896 2519 Salamina
919 2482 1162 2532 patremque

90 2548 218 2590 quum
240 2536 421 2593 fugeret,
446 2545 585 2581 tamen
607 2540 692 2581 uda
714 2540 862 2595 Lyaeo

21 2535 222 2808 tpora
240 2600 419 2655 populea
442 2601 571 2644 fertur
594 2602 779 2644 vinxisse
803 2617 967 2652 corona,

87 2673 152 2704 mo
174 2667 311 2705 trlstes
336 2663 485 2707 affatus
510 2665 684 2708 amicos·

14 1195 190 1244 :moenia
212 1194 282 1238 vel
302 1194 472 1238 Baccho
496 1193 665 1237 Thebas
690 1193 757 1236 vel
780 1192 978 1249 Apolline
1001 1191 1193 1248 Delphos

1361 393 1402 424 15

1361 742 1404 774 20

1363 1359 1382 1390 5

1365 1706 1407 1737 10

1366 2052 1406 2083 15

1365 2396 1407 2426 20
