1500 2820
360 218 633 259 CARMJNUM
655 216 754 253 LIB.
774 216 843 252 III.

81 339 238 382 nam,
263 342 370 384 quae
393 324 521 369 nivali
543 323 728 382 pascitur
749 321 908 378 Algido

42 402 90 447 j
121 394 270 437 devota
291 405 468 447 quercus
491 389 598 431 inter
621 393 663 430 et
685 386 812 436 ilices,

54 451 68 459 “’
177 461 249 499 aut
271 453 420 497 erescit
441 451 619 495 Albanis
642 449 687 492 in
708 448 849 491 herbis

236 517 422 568 victima,
446 513 688 572 pontificum
713 526 878 555 secures

123 610 284 654 cervice
307 608 455 665 tinget:
481 612 521 648 te
545 605 649 648 nihil
672 603 817 647 attinet

20 668 46 723 ξ’
125 681 280 717 tentare
304 672 434 715 multa
457 670 582 713 caede
605 668 835 711 bidentium

181 751 332 794 parvos
357 739 622 778 coronantem
645 731 805 773 marino

237 814 329 842 rore
352 798 453 840 deos
477 795 697 854 fragilique
720 799 868 850 myrto.

128 890 322 935 immunis
347 905 461 932 aram
485 888 521 931 si
545 886 679 944 tetigit
701 899 864 935 manus,

128 970 212 998 non
236 959 480 1010 sumptuosa
501 950 692 993 blandior
713 948 852 991 hostia

186 1016 362 1060 mollivit
385 1029 554 1058 aversos
578 1013 761 1056 Penates

241 1079 350 1122 farre
372 1079 443 1136 pio
467 1083 508 1120 et
533 1076 704 1120 saliente
728 1074 848 1116 mica.

389 1228 653 1270 CARMEN
682 1226 846 1266 XXIV.

446 1325 503 1358 IN
535 1322 731 1358 AVARO
744 1324 786 1354 S.

27 1443 57 1487 4„
80 1412 249 1456 Intactis
273 1409 506 1467 opulentior

135 1474 338 1518 thesauris
362 1472 554 1516 Arabum
579 1477 620 1514 et
643 1469 781 1513 divitis
806 1467 951 1510 Indiae

40 1546 46 1578 .·
81 1537 301 1582 caementis
325 1536 421 1579 licet
445 1549 625 1591 occupes

136 1599 398 1658 Tyrrhenum
422 1612 544 1641 omne
568 1597 650 1640 tuis
675 1602 716 1639 et
739 1609 851 1638 mare
877 1593 1116 1650 Apuficum,

54 1788 65 1795 A·
139 1755 311 1798 summis
333 1753 559 1797 verticibus
584 1751 673 1794 dira
695 1749 933 1793 Necessitas

27 1710 66 1824 ξ
85 1691 120 1736 si
141 1691 232 1750 figit
255 1690 542 1734 adamantinos

36 1810 55 1878 {J
85 1818 241 1870 clavos,
265 1833 351 1860 non
374 1817 558 1859 animum
581 1820 708 1865 metu,

35 1883 69 1940 ’ΤΞ
139 1895 223 1924 non
244 1880 388 1923 mortis
412 1878 571 1934 laqueis
598 1876 794 1933 expedies
820 1879 956 1931 caput.

89 1977 339 2029 campestres
364 1969 513 2012 melius
541 1967 738 2023 Scythae,

142 2049 317 2090 quorum
339 2033 525 2090 plaustra
547 2046 677 2087 vagas
702 2029 778 2071 rite
802 2028 970 2070 trahunt
993 2026 1152 2077 domos,

91 2097 235 2140 vivunt
264 2103 304 2139 et
327 2095 451 2152 rigidi
476 2092 622 2144 Getae,

143 2161 356 2202 immetata
378 2157 530 2212 quibus
554 2157 699 2213 iugera
720 2154 872 2198 liberas

90 2250 232 2308 fruges
257 2255 298 2292 et
323 2248 519 2291 Cererem
542 2247 692 2297 ferunt,

147 2327 224 2355 nec
248 2311 408 2354 cultura
429 2310 568 2367 placet
590 2309 752 2367 longior
775 2324 924 2353 annua.

93 2374 417 2428 defunctumque
441 2372 651 2416 laboribus

150 2436 312 2493 aequali
335 2441 492 2478 recreat
516 2441 624 2478 sorte
647 2434 840 2478 vicarius.

42 2543 43 2546 ’
94 2527 178 2571 illic
201 2533 331 2570 matre
357 2525 588 2570 carentibus

152 2590 353 2648 privignis
376 2590 523 2632 mulier
546 2594 747 2646 temperat
771 2588 984 2637 innocens,

97 2667 175 2696 nec
199 2653 341 2695 dotata
362 2652 468 2709 regit
492 2652 626 2694 virum

22 2669 100 2820 ᾖ
155 2716 323 2766 coniuX‚
348 2729 424 2757 nec
446 2715 576 2757 nitido
599 2714 689 2757 fidit
712 2712 917 2755 adultero:

1227 202 1290 244 73-

1313 392 1354 423 10

1318 735 1358 766 15

1318 1081 1362 1113 20

1334 2039 1376 2070 10

1338 2382 1379 2413 15

1341 2725 1384 2757 20
