1500 2820
104 369 146 400 45

126 1176 145 1206 5

107 1486 147 1517 10

107 1797 146 1827 15

104 2106 146 2136 20

105 2415 146 2446 25

173 182 254 224 206
607 193 648 236 Q.
668 191 879 230 HORATII
895 194 1078 232 FLAGCI

172 309 331 346 servas3
355 295 447 337 fidis
472 295 581 337 enim
604 311 768 338 manare
791 298 951 352 poetica
974 298 1096 340 mella

171 363 210 399 te
235 357 385 408 solum,
411 358 484 399 tibi
506 358 685 414 pulcher.
716 359 769 400 ad
791 359 893 402 haec
917 375 994 416 ego
1016 359 1182 404 naribus
1205 363 1265 404 uti

170 419 362 469 formido,
389 427 429 461 et
451 419 641 461 luctantis
665 427 784 463 acuto
808 436 859 463 ne
884 436 997 463 secer
1020 423 1159 478 ungui,

172 481 384 536 „displicet
406 481 482 522 iste
506 482 651 524 locus“
677 482 826 533 clamo,
852 490 892 524 et
915 484 1068 525 diludia
1089 499 1226 539 posco.

169 542 290 584 ludus
315 542 422 584 enim
446 543 586 598 genuit
609 545 810 599 trepidum
834 551 1039 586 certamen
1061 552 1102 587 et
1124 546 1238 597 iram,

169 605 229 646 ira
252 611 386 647 truces
410 605 640 648 inimicitias
665 614 704 648 et
727 607 898 649 funebre
923 607 1087 650 bellum.

613 738 931 778 EPISTOLA
960 740 1062 779 XX.

581 833 654 864 AD
690 833 903 866 LIBRUM
939 834 1105 867 SUUM.

169 913 439 956 Vertumnum
462 914 707 970 Ianumque,
731 915 851 966 liber,
878 922 1059 971 spectare
1082 917 1244 968 videris,

170 975 323 1017 scilicet
346 982 391 1017 ut
414 983 573 1031 prostes
601 975 813 1019 Sosiorum
837 978 996 1032 pumice
1021 979 1211 1021 mundus.

169 1038 291 1080 odisti
314 1039 449 1081 claves
474 1046 514 1081 et
537 1046 654 1096 grata
677 1040 812 1096 sigilla
834 1041 982 1095 pudico
990 1057 1001 1091 ;

167 1100 309 1156 paucis
333 1101 491 1142 ostendi
514 1101 646 1157 gemis
671 1109 711 1143 et
734 1102 965 1143 communia
987 1102 1143 1153 laudas,

168 1178 251 1205 non
273 1163 329 1204 ita
351 1163 540 1205 nutritus.
571 1164 670 1220 fuge
694 1178 776 1218 quo
800 1164 1045 1206 descendere
1069 1165 1209 1221 gestis.

167 1240 249 1267 non
273 1225 347 1266 erit
371 1225 521 1267 emisso
544 1226 697 1267 reditus
722 1226 807 1267 tibi.
841 1226 964 1279 „quid
987 1226 1111 1268 miser
1133 1227 1225 1283 egi?

168 1287 267 1341 quid
290 1287 454 1328 volui?“
481 1287 611 1337 dices,
640 1287 708 1329 ubi
731 1288 822 1341 quis
846 1294 886 1328 te
909 1288 1089 1339 laeserit3
1114 1295 1154 1330 et
1178 1289 1257 1331 scis

167 1350 211 1391 in
233 1349 356 1392 breve
381 1356 420 1391 te
445 1350 555 1406 cogi,
580 1365 707 1404 quum
736 1351 880 1405 plenus
905 1350 1072 1406 languet
1095 1357 1261 1393 amator.

169 1412 316 1466 quodsi
339 1427 422 1453 non
445 1412 539 1453 odio
562 1413 767 1467 peccantis
793 1412 941 1467 desipit
964 1427 1106 1468 augur,

171 1488 289 1515 carus
314 1474 393 1515 eris
417 1474 594 1524 Romae,
620 1475 750 1516 donec
773 1480 812 1515 te
838 1474 997 1516 deseret
1020 1480 1132 1516 aetas
1139 1490 1151 1524 ;

169 1542 440 1578 contrectatus
464 1537 535 1579 ubi
558 1536 746 1579 manibus
772 1537 1005 1578 sordescere
1028 1536 1142 1592 vulgi

169 1599 369 1654 coeperis,
395 1605 464 1640 aut
488 1599 616 1640 tineas
640 1613 785 1653 pasces
809 1598 1032 1640 taciturnus
1055 1598 1216 1648 inertes,

169 1667 239 1702 aut
262 1660 397 1717 fugies
421 1660 588 1702 Uticam
612 1667 682 1702 aut
704 1660 864 1702 vinctus
888 1660 1058 1702 mitteris
1082 1660 1271 1702 Ilerdam.

168 1722 315 1764 ridebit
338 1722 513 1764 monitor
535 1737 618 1764 non
642 1722 876 1772 exauditus,
901 1728 947 1763 ut
969 1722 1050 1772 ille,

169 1784 239 1837 qui
262 1784 367 1825 male
391 1791 599 1839 parentem
623 1784 664 1825 in
687 1799 808 1839 rupes
832 1784 1026 1838 protrusit
1050 1783 1220 1825 asellum

169 1845 314 1887 iratus:
340 1847 432 1900 quis
457 1846 565 1887 enim
587 1846 759 1887 invitum
785 1860 945 1887 servare
969 1845 1149 1887 laboret?

169 1907 248 1949 hoc
271 1922 432 1962 quoque
456 1915 496 1949 te
519 1915 673 1958 manet,
698 1914 743 1949 ut
765 1923 913 1963 pueros
938 1908 1138 1948 elementa
1160 1906 1373 1948 docentem

170 1977 341 2025 occupet
364 1970 554 2012 extremis
577 1971 620 2011 in
643 1971 743 2012 vicis
768 1970 891 2012 balba
914 1975 1113 2011 senectus.

171 2046 298 2086 quum
322 2031 395 2074 tibi
419 2032 479 2074 sol
503 2032 663 2087 tepidus
687 2032 824 2087 plures
849 2031 1073 2073 admoverit
1097 2045 1227 2080 aures,

170 2107 235 2134 me
258 2093 445 2135 libertino
468 2100 610 2135 natum
632 2099 746 2148 patre
771 2099 811 2134 et
832 2093 875 2134 in
899 2093 1009 2134 tenui
1032 2107 1075 2133 re

170 2155 343 2197 maiores
366 2170 520 2210 pennas
545 2155 641 2197 nido
665 2155 897 2196 extendisse
920 2154 1111 2208 loqueris,

170 2224 216 2259 ut
239 2224 437 2272 quantum
459 2217 599 2273 generi
623 2217 782 2266 demas,
806 2215 1023 2258 virtutibus
1048 2215 1195 2265 addas;

170 2294 236 2321 me
259 2280 400 2335 primis
426 2279 535 2322 urbis
559 2278 656 2320 belli
679 2278 882 2333 placuisse
907 2277 1098 2330 domique
1106 2293 1118 2327 3

171 2342 350 2397 corporis
375 2341 530 2397 exigui,
555 2355 819 2396 praecanum,
846 2339 999 2381 solibus
1025 2345 1177 2393 aptum,

170 2403 291 2444 irasci
314 2403 503 2452 celerem,
530 2409 666 2444 tamen
688 2408 734 2443 ut
756 2401 967 2456 placabilis
994 2415 1139 2442 essem.

171 2465 275 2507 forte
299 2480 435 2506 meum
460 2465 494 2506 si
518 2464 608 2518 quis
633 2470 672 2504 te
695 2462 997 2518 percontabitur
1019 2476 1178 2511 aevum,

171 2542 236 2568 me
261 2533 403 2581 quater
425 2526 609 2567 undenos
634 2525 735 2567 sciat
756 2524 990 2579 implevisse
1013 2521 1277 2572 Decembres,

173 2588 370 2643 collegam
394 2588 601 2643 Lepidum
625 2601 705 2641 quo
730 2587 845 2627 duxit
867 2585 1027 2627 Lollius
1053 2600 1171 2626 anno.
