1500 2820
95 146 104 157 ἔ

23 208 72 243 {⁴51⁴

31 249 62 283 ἢ]

41 298 58 322 '23

57 461 64 468 .

32 462 82 689 ἓ

36 699 60 722 §.2

437 217 711 256 CARMINUM
734 215 833 257 LIB.
850 214 880 256 L
918 247 920 249 .

424 383 687 427 GARMEN
715 383 901 423 XXXV.

323 482 392 515 AD
417 479 695 514 roR'rUNAM
718 479 998 512 ANTIATEM.

150 566 191 612 Ο
216 567 331 618 diva,
356 571 520 624 gratum
544 579 651 620 quae
674 563 785 621 regis
809 562 998 615 Antium,

147 645 344 688 praesens
368 629 444 671 vel'
457 628 542 670 imo
566 627 709 670 tollere
733 627 785 669 de
809 627 942 683 gradu

202 692 374 737 mortale
398 705 566 748 corpus,
591 690 659 733 vel
683 690 885 747 superbos

258 762 418 799 vertere
441 753 655 797 fimeribus
680 753 930 810 triumphos:

149 855 190 892 te
212 862 372 905 pauper
394 845 524 889 ambit
548 845 723 889 sollicita
745 859 868 901 prece
887 855 889 857 ·

147 911 252 955 ruris
277 910 468 961 colonus;
493 916 534 952 te
558 908 768 951 dominam
793 908 997 964 aequoris,

202 974 450 1030 quicumque
473 971 659 1029 Bithyna
680 971 848 1014 lacessit

260 1036 531 1094 Carpathium
554 1036 730 1093 pelagus
755 1036 905 1078 carina.

147 1135 187 1172 te
208 1128 356 1172 Dacus
380 1142 520 1185 asper,
547 1133 587 1169 te
610 1127 780 1184 profugi
806 1125 989 1183 Scythae

148 1191 352 1247 urbesque
375 1197 604 1248 gentesque
630 1197 670 1232 et
692 1190 866 1232 Latium
890 1190 1008 1233 ferox

200 1268 429 1312 regumque
453 1260 604 1296 matres
629 1252 899 1296 barbarorum
924 1259 965 1296 et

257 1317 453 1375 purpurei
477 1323 666 1360 metuunt
690 1316 865 1373 tyranni,

145 1409 342 1452 iniurioso
365 1424 418 1451 ne
441 1409 547 1465 pede
571 1423 744 1465 proruas

148 1478 325 1515 stantem
349 1471 602 1523 columnam,
628 1486 711 1514 neu
733 1471 912 1528 populus
937 1470 1133 1527 frequens

202 1535 257 1578 ad
280 1550 395 1578 arma
418 1541 647 1587 cessantes,
673 1535 728 1577 ad
752 1550 868 1577 arma

258 1598 451 1649 concitet,
475 1598 777 1655 imperiumque
801 1597 979 1655 frangat.

146 1696 187 1732 te
211 1704 375 1746 semper
399 1690 528 1732 anteit
552 1704 677 1732 saeva
699 1689 951 1740 Necessitas,

147 1752 286 1796 clavos
311 1751 490 1796 trabales
516 1759 557 1796 et
580 1767 734 1796 cuneos
758 1768 886 1795 manu

201 1821 370 1873 gestans
396 1831 520 1867 aena,
545 1831 623 1859 nec
648 1830 816 1859 severus

258 1893 390 1921 uncus
415 1877 533 1921 abest
555 1879 840 1935 liquidumque
864 1880 1093 1937 plumbum.

148 1975 189 2012 te
215 1967 324 2026 Spes
349 1975 390 2012 et
414 1969 509 2013 albo
531 1985 625 2012 rara
647 1970 775 2013 Fides
801 1972 898 2014 colit

147 2031 283 2074 velata
305 2047 461 2088 pann03
486 2047 564 2075 nec
588 2033 780 2076 comitem
805 2033 998 2091 abnegat,

204 2100 428 2149 utcumque
451 2101 610 2137 mutata
632 2102 822 2152 potentes

260 2163 376 2199 veste
400 2157 546 2200 domos
569 2158 737 2201 inimica
758 2159 924 2215 linquis.

149 2253 191 2289 at
213 2246 364 2304 vulgus
387 2247 560 2291 infidum
585 2256 626 2292 et
649 2251 843 2293 meretrix
866 2258 975 2294 retro

148 2311 312 2367 periura
336 2311 463 2364 cedit3
488 2313 713 2371 diffugiunt
738 2315 852 2357 cadis

206 2388 300 2416 cum
323 2373 440 2418 faece
465 2375 628 2419 siccatis
653 2378 788 2429 amici,

262 2437 368 2479 ferre
390 2437 535 2495 iugum
557 2440 710 2496 pariter
733 2440 878 2483 dolosi.

150 2541 290 2570 serves
313 2528 467 2571 iturum
492 2529 717 2574 Caesarem
740 2532 784 2574 in
807 2532 975 2575 ultimos

150 2589 261 2632 orbis
286 2589 527 2644 Britannos,
553 2600 594 2636 et
615 2594 814 2637 iuvenum
837 2610 981 2638 recens

207 2667 398 2705 examen,
422 2654 525 2698 Eois
549 2657 778 2699 timendum

260 2716 446 2773 partibus
472 2717 724 2777 Oceanoque
747 2720 885 2764 rubro.

1286 203 1340 255 27

1364 1203 1409 1237 10

1365 1548 1407 1580 15

1364 1894 1408 1925 20

1365 2267 1408 2299 25

1366 2610 1408 2641 30
