1500 2820
480 197 690 236 EPODON
712 194 880 233 LIBER.
1283 185 1366 229 113

168 305 314 349 metire
338 303 458 348 nobis
485 302 742 348 Caecubum.

62 374 66 375 ⁷
113 384 253 413 curam
275 374 515 424 metumque
540 366 735 410 Caesaris
759 381 899 410 rerum
921 366 1036 409 iuvat

167 431 276 475 dulci
301 431 449 490 Lyaeo
473 430 646 474 solvere.
777 436 779 438 ’

504 594 769 636 OARMEN
797 595 859 634 X.

401 692 452 724 m
476 692 715 725 MAEVIUM
738 691 959 725 POETAM.

112 776 230 820 Mala
253 775 388 819 soluta
410 776 530 820 navis
555 777 642 819 exit
666 776 764 819 alite

169 840 307 883 ferens
332 839 513 883 olentem
535 839 768 883 Maevium.

113 909 158 946 ut
180 903 356 946 horridis
379 909 602 960 utrumque
627 903 820 946 verberes
844 903 967 955 latus,

168 965 344 1018 Auster,
369 973 577 1010 memento
601 966 810 1010 fluetibus.

114 1029 232 1087 niger
253 1030 450 1073 rudentes
474 1029 617 1073 Eurus
640 1030 808 1073 inverso
832 1030 937 1073 mari
1395 1039 1417 1070 5

169 1092 406 1149 fiactosque
429 1108 567 1137 remos
592 1093 777 1146 differat3

113 1155 301 1214 insurgat
323 1155 501 1212 Aquilo,
526 1164 707 1212 quantus
732 1157 826 1200 altis
851 1156 1062 1201 montibus

169 1219 326 1277 frangit
348 1226 571 1263 trementes
595 1220 732 1272 ilices3

113 1297 190 1326 uec
214 1283 329 1326 sidus
354 1290 444 1326 atra
466 1290 587 1327 nocte
612 1284 793 1327 amicum
818 1290 1028 1341 appareat,

170 1361 254 1402 qua
277 1346 406 1389 tristis
433 1345 569 1390 Orion
592 1347 721 1390 cadit:
1399 1360 1441 1391 10

115 1409 315 1465 quietiore
339 1425 416 1453 nec
441 1410 600 1454 feratur
622 1426 803 1468 aequore

171 1487 298 1528 quam
323 1471 453 1517 Graia
477 1475 683 1518 victorum
712 1490 874 1526 manus,

115 1551 210 1579 cum
233 1536 374 1580 Pallas
399 1544 494 1581 usto
518 1539 642 1582 vertit
664 1539 770 1582 iram
793 1538 846 1582 ab
870 1539 950 1582 Ilio

77 1653 83 1658 ·
171 1600 215 1642 in
237 1600 410 1658 impiam
434 1600 580 1645 Aiacis
604 1608 750 1645 ratem.

40 1674 50 1686 ⁶
116 1678 141 1706 o
164 1670 343 1719 quantus
366 1663 495 1707 instat
518 1665 669 1709 navitis
695 1666 823 1709 sudor
846 1666 928 1709 tuis
1400 1678 1441 1709 15

171 1726 328 1782 tibique
350 1727 485 1784 pallor
506 1728 666 1772 luteus!

115 1796 157 1833 et
178 1789 249 1833 illa
271 1805 357 1834 non
379 1791 508 1834 virilis
534 1792 717 1844 eiulatio,

171 1868 316 1909 preces
340 1860 382 1897 et
405 1869 599 1898 aversum
624 1856 678 1898 ad
701 1855 859 1907 Iovem,

116 1915 260 1959 Ionius
283 1917 368 1960 udo
393 1932 489 1960 cum
512 1919 752 1976 remugiens
778 1919 894 1962 sinus

172 1978 283 2022 Noto
307 1980 490 2023 carinam
514 1981 690 2038 ruperiti
1399 1996 1443 2028 20

118 2043 258 2100 opima
281 2044 433 2099 quodsi
456 2046 613 2102 praeda
637 2061 764 2090 curvo
788 2047 907 2090 litore

174 2113 366 2163 porrecta
390 2122 556 2165 mergos
580 2109 748 2162 iuveris,

119 2168 365 2213 libidinosus
389 2170 672 2214 immolabitur
694 2187 819 2230 caper

178 2244 219 2274 et
241 2248 352 2289 agna
374 2234 703 2292 tempestatibus.

503 2404 767 2446 CARMEN
795 2407 879 2447 XI.

475 2501 554 2534 AD
596 2503 671 2535 PE
688 2504 719 2535 'r
734 2503 907 2538 TIUM.

123 2579 252 2632 Petti,
277 2582 380 2625 nihil
402 2599 487 2636 me,
514 2586 621 2628 sicut
645 2594 785 2638 antea,
810 2587 926 2630 iuvat

182 2645 360 2689 scribere
383 2649 610 2693 versiculos
635 2665 776 2693 amore
798 2666 1045 2707 percussum
1068 2653 1198 2709 gravi,

125 2723 282 2760 amore,
308 2710 379 2765 qui
402 2726 469 2754 me
493 2720 657 2769 praeter
681 2729 825 2758 omnes
850 2715 1006 2772 expetit

0 2785 43 2820 24.
83 2783 229 2815 Horatius.
1124 2790 1147 2820 8
