1500 2820
396 186 607 226 EPODON
622 186 790 224 LIBER.

32 295 312 355 >¹³⁴⁸”f1ueruntur
333 294 377 338 in
401 294 514 337 silvis
539 308 651 344 aves,

29 347 246 415 fidesque
267 357 450 416 lymphis
474 356 719 413 obstrepunt
742 355 1020 407 manantibus,

85 436 251 468 somnos
275 421 390 477 quod
411 420 558 463 invitet
580 419 707 462 leves.

29 491 71 532 nl:
91 500 186 529 cum
209 484 390 528 tonantis
414 499 546 527 annus
572 482 769 526 hibernus
793 482 906 525 Iovis

82 547 235 592 imbres
258 548 458 603 nivesque
483 553 706 604 comparat,

27 618 97 659 ant
118 612 245 655 trudit
268 626 383 655 acres
407 611 503 653 hinc
527 617 568 653 et
591 611 687 653 hinc
712 609 843 652 multa
867 624 967 652 cane

83 690 205 732 apros
229 675 273 717 in
297 674 508 718 obstantes
532 673 694 730 plagas,

26 745 96 785 aut
118 738 243 782 amite
266 738 349 780 levi
370 753 463 780 rara
487 737 618 779 tendit
641 736 756 788 retia,

80 802 211 845 turdis
235 800 431 844 edacibus
456 801 588 852 dolos,

26 865 302 924 pavidumque
325 864 510 921 leporem
534 870 575 906 et
599 863 803 906 advenam
826 862 976 918 laqueo
1000 877 1148 920 gruem

80 928 260 971 iucunda
284 933 422 984 captat
444 927 642 984 praemia.

27 991 116 1049 quis
140 1006 223 1034 non
245 991 447 1034 malarum
471 1005 575 1046 quas
602 1005 718 1033 amor
742 1004 862 1032 curas
887 988 1013 1032 habet

79 1055 181 1098 haec
203 1055 309 1098 inter
331 1054 612 1098 obliviscitur?

26 1117 172 1175 quodsi
193 1118 345 1174 pudica
368 1117 516 1160 mulier
538 1117 581 1159 in
603 1124 763 1174 partem
787 1116 900 1159 iuvet

84 1181 252 1224 domum
275 1187 400 1236 atque
424 1180 566 1222 dulces
590 1180 762 1231 liberos3

32 1241 187 1288 Sabina
209 1243 344 1299 qualis
368 1250 441 1286 aut
462 1254 633 1300 perusta
657 1243 814 1286 solibus

79 1307 255 1364 pernicis
278 1322 386 1350 uxor
407 1306 552 1364 Apuli,

26 1383 187 1413 sacrum
208 1370 383 1412 vetustis
410 1376 597 1412 exstruat
619 1370 744 1427 lignis
769 1369 909 1412 focum

78 1432 179 1476 lassi
202 1433 279 1476 sub
304 1433 528 1475 adventum
552 1433 642 1484 viri,

26 1494 301 1552 claudensque
325 1497 448 1539 textis
475 1496 656 1539 cratibus
681 1496 835 1538 laetum
859 1511 988 1553 pecus

79 1558 258 1602 distenta
282 1559 409 1602 siccet
432 1559 574 1611 ubera,

25 1627 66 1665 et
86 1621 216 1664 horna
239 1622 350 1665 dulci
373 1623 471 1665 vina
493 1637 688 1679 promens
713 1622 824 1665 dolio

79 1684 207 1742 dapes
230 1685 407 1728 inemtas
432 1692 623 1742 apparet:

22 1758 106 1805 non
128 1763 194 1790 me
217 1748 404 1791 Lucrina
427 1749 606 1791 iuverint
629 1748 846 1805 conchylia

78 1811 266 1868 magisve
288 1811 487 1855 rhombus
513 1818 584 1854 aut
609 1812 728 1862 scari,

24 1873 62 1916 si
83 1888 186 1930 quos
209 1874 314 1917 Eois
338 1875 524 1917 intonata
546 1875 741 1918 fiuctibus

79 1936 212 1980 hiems
236 1938 290 1980 ad
313 1937 392 1980 hoc
416 1944 548 1980 vertat
572 1953 706 1989 mare3

24 2013 107 2042 non
129 2000 238 2043 Afra
260 2001 350 2044 avis
375 2001 598 2043 descendat
622 2002 666 2043 in
689 2007 875 2044 ventrem
898 2015 1051 2051 meum,

79 2077 163 2106 non
187 2070 355 2121 attagen
378 2063 548 2107 Ionicus

25 2123 256 2178 iucundior,
282 2142 408 2181 quam
431 2127 538 2169 lecta
561 2127 612 2169 de
636 2127 922 2185 pinguissimis

81 2187 190 2231 oliva
212 2189 339 2231 ramis
363 2188 569 2241 arborum,

26 2256 96 2292 aut
117 2250 247 2294 herba
269 2252 426 2308 lapathi
448 2259 567 2308 prata
590 2254 766 2296 amantis
792 2260 833 2296 et
855 2254 974 2311 gravi

79 2313 240 2356 malvae
266 2314 450 2358 salubres
476 2316 649 2372 corpori,

25 2375 92 2418 vel
115 2392 225 2434 agna
248 2377 366 2420 festis
391 2393 514 2422 caesa
538 2380 835 2431 terminalibus,

81 2439 148 2482 vel
170 2439 328 2484 haedus
353 2450 517 2498 ereptus
542 2443 653 2500 lupo.

25 2500 101 2544 has
124 2502 231 2545 inter
253 2504 396 2560 epulas
420 2512 467 2547 ut
489 2507 604 2549 iuvat
625 2514 768 2564 pastas
793 2522 892 2550 oves

81 2566 220 2608 videre
243 2577 510 2624 properantes
534 2572 716 2623 domum,

26 2627 166 2671 videre
189 2628 324 2672 fessos
348 2646 558 2675 vomerem
581 2634 790 2677 inversum
816 2634 944 2678 boves

23 2691 51 2721 ³-
83 2690 188 2734 collo
213 2693 420 2736 trahentes
443 2695 652 2753 languido,

3 2742 59 2820 a

1193 175 1276 222 105

1301 559 1346 591 30

1300 874 1342 906 35

1299 1190 1343 1221 40

1298 1508 1341 1539 45

1300 1824 1342 1855 50

1299 2141 1342 2172 55

1300 2455 1342 2487 60
