1566 2814
446 126 817 167 EPISTOLARUM
839 127 939 165 LIB.
955 129 1006 164 H.
1327 119 1411 162 227

56 168 87 207 γὴ

44 208 166 350 &em
188 235 335 280 veniae
359 233 531 279 cautus?
553 233 682 277 vitavi
705 233 883 289 denique
908 233 1086 291 culpam,

100 316 130 344 n
151 299 319 344 laudem
339 299 486 342 merui.
515 312 591 342 vos
615 296 867 354 exemplaria
891 295 1055 340 Graeca

38 371 247 408 'noemma
268 369 431 406 versate
453 376 600 413 manu,
624 366 788 404 versate
812 360 972 403 diurna.

101 434 144 471 at
166 426 295 470 vestri
317 425 462 483 proavi
484 424 702 467 Plautinos
716 430 768 496 ‘et
790 438 987 467 numeros
1013 430 1054 467 et
1438 435 1505 467 270

91 618 200 660 imus
223 616 474 659 inurbanum
497 615 636 672 lepido
661 629 862 671 seponere
887 614 1011 665 dicto,

60 680 359 738 egitimumque
384 693 533 722 sonum
557 677 698 735 digitis
725 677 924 720 callemus
950 684 990 720 et
1014 693 1125 720 aure.

37 787 39 790 .
117 753 233 787 otum
256 742 438 800 tragicae
461 756 597 800 genus
620 741 831 784 invenisse
857 740 1070 784 Camenae
1438 751 1504 783 275

18 807 19 810 ’
44 802 192 851 dieitur
215 812 256 848 et
278 805 474 863 plaustris
498 805 663 847 vexisse
687 811 882 861 poemata
906 804 1102 861 Thespis,

40 879 152 928 ,jquae
177 876 371 913 canerent
394 875 647 926 agerentque
670 868 861 925 peruncti
884 868 1073 911 faecibus
1099 883 1182 911 ora.

37 941 139 996 :post
161 933 292 985 hunc,
316 947 519 990 personae
542 932 760 989 pallaeque
784 939 970 988 repertor
993 932 1205 983 honestae,

32 996 282 1056 {Aeschylus
307 1003 348 1039 et
370 996 545 1039 modicis
568 995 760 1038 instravit
782 995 944 1052 pulpita
967 995 1093 1052 tignis

39 1067 87 1116 ,et
107 1060 248 1103 docuit
271 1074 552 1117 magnumque
575 1059 691 1115 loqui
713 1059 870 1114 nitique
896 1059 1109 1101 cothurno.
1439 1069 1505 1102 280

35 1124 246 1181 :puccessit
270 1130 389 1166 vetus
413 1123 479 1166 his
504 1122 737 1173 comoedia,
762 1137 847 1164 non
872 1122 962 1164 sine
987 1122 1118 1164 multa

41 1184 184 1239 Iaude5
209 1186 284 1230 sed
305 1186 350 1228 in
372 1186 520 1228 vitium
543 1185 711 1228 libertas
737 1185 890 1228 excidit
915 1192 955 1227 et
980 1186 1065 1227 vim

34 1246 214 1308 *dignam
235 1250 329 1307 lege
353 1249 461 1306 regi:
486 1249 555 1291 lex
579 1254 643 1291 est
666 1255 838 1305 accepta
862 1248 1098 1304 chorusque

32 1314 216 1371 turpiter
239 1312 412 1356 obticuit
436 1311 634 1355 sublato
622 1327 712 1355 lure
734 1312 925 1355 nocendi.

35 1377 101 1421 nil
123 1376 371 1419 intentatum
395 1375 527 1418 nostri
550 1375 708 1431 liquere
731 1382 900 1432 poetae;
1437 1385 1504 1418 285

0 1433 1 1438 ¹
29 1439 120 1490 ‘aec
142 1439 360 1481 minimum
382 1453 570 1481 meruere
595 1439 723 1482 decus
747 1439 926 1496 vestigia
952 1436 1116 1481 Graeca

43 1494 133 1549 mei
158 1502 349 1545 deserere
374 1507 415 1544 et
438 1501 646 1545 celebrare
671 1502 901 1545 domestica
925 1501 1051 1553 facta,

30 1565 111 1610 vel
133 1565 205 1622 qui
227 1571 461 1622 praetextas
486 1566 554 1608 vel
577 1566 650 1621 qui
673 1566 850 1608 docuere
874 1572 1052 1623 togatas.

28 1618 121 1695 {nec
142 1628 295 1671 virtute
317 1628 426 1671 foret
449 1629 623 1672 clarisve
647 1629 856 1685 potentius
882 1629 1008 1671 armis

23 1703 170 1768 gquam
192 1691 338 1749 lingua
359 1692 551 1742 Latium,
578 1692 615 1734 si
636 1707 722 1735 non
746 1692 977 1735 offenderet
1000 1707 1152 1734 unum·
1439 1703 1507 1736 290

23 1746 252 1828 {quemque
274 1761 490 1813 poetarum
513 1755 637 1797 limae
660 1755 778 1798 labor
802 1762 843 1798 et
867 1771 995 1798 mora.
1026 1770 1122 1806 vos,
1148 1769 1172 1797 o

29 1816 276 1891 {Pompilius
302 1818 492 1875 sanguis,
518 1833 685 1861 carmen
707 1819 1016 1875 reprehendite,
1042 1818 1154 1873 quod
1177 1832 1260 1860 non

20 1879 176 1937 multa
199 1881 288 1924 dies
313 1888 354 1924 et
378 1881 510 1924 multa
533 1881 656 1923 litura
680 1882 862 1924 coercuit
885 1888 1010 1936 atque

20 1937 275 2003 {perfectum
300 1945 439 1987 decies
462 1959 546 1987 non
571 1945 791 2002 castigavit
815 1944 869 1986 ad
892 1959 1088 2001 unguem.

25 2019 42 2054 ἴ
99 2007 316 2065 ingenium
338 2007 492 2050 misera
515 2007 613 2062 quia
636 2007 886 2050 fortunatius
912 2014 998 2049 arte
1441 2018 1506 2050 295

22 2070 176 2128 ‘fs-credit
199 2077 240 2113 et
264 2070 446 2113 excludit
471 2085 594 2113 sanos
620 2070 824 2112 Helicone
847 2077 992 2127 poetas

44 2130 332 2185 Democritus3
356 2132 468 2176 bona
490 2148 587 2189 pars
612 2148 697 2176 non
719 2148 883 2190 ungues
907 2147 1061 2190 ponere
1086 2139 1215 2184 curat,

30 2211 131 2250 jnon
152 2195 345 2248 barbam;
371 2203 529 2239 secreta
551 2196 654 2253 petit
676 2197 787 2248 loca,
813 2196 962 2240 balnea
985 2197 1100 2239 vitat.

26 2262 35 2283 ³
45 2259 308 2302 nanciscetur
331 2259 442 2301 enim
464 2259 642 2316 pretium
665 2275 899 2315 nomenque
923 2267 1084 2316 poetae,

39 2322 84 2376 ‘si
106 2321 238 2364 tribus
262 2321 477 2378 Anticyris
502 2329 627 2379 caput
649 2323 880 2366 insanabile
904 2337 1119 2378 nunquam
1442 2334 1507 2366 300

9 2412 11 2414 -
35 2383 206 2443 ⁴*tonsori
229 2384 380 2427 Licino
404 2385 670 2428 commiserit.
701 2401 726 2429 o
751 2401 831 2443 ego
855 2386 1014 2437 laevus,

43 2451 45 2455 “
73 2447 119 2490 ui
141 2462 298 2504 purgor
320 2446 447 2490 bilem
471 2447 549 2491 sub
573 2449 690 2492 verni
713 2450 911 2506 temporis
936 2448 1100 2492 horam!

102 2525 131 2552 n
154 2509 260 2553 alius
284 2509 440 2553 faceret
462 2512 633 2555 meliora
656 2520 861 2569 poemata.
892 2527 1038 2555 verum

46 2600 55 2622 χ
77 2572 88 2583 “
128 2574 231 2616 tanti
256 2580 337 2616 est:
363 2588 463 2631 ergo
485 2574 638 2633 fungar
661 2576 753 2618 vice
777 2575 901 2626 cotis,
927 2583 1096 2618 acutum

55 2680 78 2686 ⁴,
121 2635 218 2679 dere
241 2650 349 2692 quae
373 2636 530 2679 ferrum
552 2638 680 2690 valet,
707 2653 851 2682 exsors
875 2639 968 2695 ipsa
993 2637 1180 2681 secandi:
1442 2649 1507 2682 305

1106 2710 1187 2749 15*
