1566 2814
240 191 323 235 224
668 197 711 239 Q.
730 196 943 233 HoRATn
959 195 1141 234 FLAOOI

153 317 215 349 150
240 304 427 359 desperat
450 307 619 343 tractata
641 301 837 342 nitescere
860 314 998 355 posse,
1023 299 1230 353 relinquit3

238 372 358 418 atque
382 364 439 405 ita
461 363 670 412 mentitur,
698 362 755 403 sic
778 361 884 403 veris
908 361 1014 402 falsa
1035 360 1234 410 remiscet,

238 427 367 482 primo
390 440 441 466 ne
465 424 662 473 medium,
687 423 820 465 medio
843 437 894 464 ne
918 423 1118 477 discrepet
1140 422 1280 463 imum.

293 495 355 536 tu,
381 486 479 540 quid
503 500 579 541 ego
604 492 644 526 et
666 484 840 540 populus
865 499 1025 525 mec-um
1050 483 1268 533 desideret,
1294 482 1400 525 audi.

239 550 273 591 si
295 547 496 604 plausoris
522 562 618 603 eges
643 547 784 588 aulaea
806 546 1005 587 manentis
1031 552 1070 586 et
1092 559 1222 598 usque

153 626 214 656 155
240 610 409 660 sessuri,
435 610 563 650 donec
588 615 727 650 cantor
753 607 864 658 „Vos
888 607 1067 662 plaudite
1077 610 1098 628 ‘⁴
1124 607 1250 656 dicat,

238 673 380 715 aetatis
405 671 602 724 cuiusque
625 669 792 711 notandi
817 675 911 710 sunt
934 668 1007 710 tibi
1030 682 1176 718 mores,

238 734 538 787 mobilibusque
562 733 683 773 decor
706 731 860 772 naturis
885 731 1043 772 dandus
1068 737 1108 772 et
1131 730 1259 771 annis.

238 797 406 839 reddere
430 795 501 849 qui
523 808 644 836 voces
669 793 750 834 iam
775 793 851 834 scit
872 807 974 847 puer
997 799 1036 832 et
1059 791 1162 846 pede
1186 797 1295 832 certo

241 859 374 914 signat
397 857 585 905 humum,
610 855 734 911 gestit
757 853 922 909 paribus
948 853 1167 902 colludere,
1194 859 1233 893 et
1256 852 1357 893 iram

153 934 217 965 160
241 919 394 974 colligit
418 933 465 959 ac
488 917 602 972 ponit
625 923 775 957 temere
800 922 839 956 et
862 921 1040 956 mutatur
1062 914 1104 955 in
1127 914 1260 955 horas.

238 980 446 1023 imberbus
470 979 647 1028 iuvenis,
672 978 837 1019 tandem
861 977 1027 1018 custode
1050 981 1217 1025 remoto,

240 1043 391 1099 gaudet
415 1041 529 1094 equis
554 1039 804 1092 canibusque
828 1045 868 1080 et
891 1038 1016 1093 aprici
1039 1037 1220 1092 gramine
1245 1036 1396 1091 campi,

242 1119 381 1146 cereus
405 1103 448 1143 in
471 1102 614 1142 vitium
637 1101 762 1150 flecti,
788 1099 1053 1141 monitoribus
1078 1114 1208 1154 asper,

242 1166 401 1207 utilium
425 1165 563 1205 tardus
587 1163 790 1218 provisor,
815 1162 1011 1217 prodigus
1036 1162 1153 1211 aeris,

156 1242 218 1273 165
243 1226 427 1270 sublimis
453 1225 706 1280 cupidusque
731 1230 771 1266 et
794 1233 929 1265 amata
951 1223 1175 1277 relinquere
1199 1222 1353 1278 pernix.

243 1288 448 1332 conversis
475 1287 617 1329 studiis
643 1292 753 1328 aetas
779 1286 1018 1339 animusque
1042 1285 1166 1326 virilis

244 1351 400 1406 quaerit
424 1364 521 1404 opes
547 1355 587 1390 et
610 1348 825 1397 amicitias,
850 1347 1018 1389 inservit
1040 1346 1194 1396 honori,

245 1412 497 1455 commisisse
522 1416 638 1452 cavet
661 1410 771 1464 quod
794 1424 889 1450 mox
913 1415 1068 1450 mutare
1091 1408 1256 1450 laboret.

244 1475 372 1516 multa
396 1488 535 1516 senem
559 1472 877 1514 circumveniunt
900 1470 1174 1520 incommoda,
1199 1469 1265 1511 vel
1288 1468 1397 1523 quod

160 1551 222 1582 170
246 1536 402 1591 quaerit
425 1542 464 1577 et
486 1535 660 1576 inventis
684 1534 806 1574 miser
829 1532 1005 1574 abstinet
1028 1547 1075 1573 ac
1099 1532 1213 1573 timet
1235 1531 1306 1580 uti,

245 1599 310 1640 vel
335 1598 444 1652 quod
467 1612 532 1639 res
557 1611 696 1639 omnes
722 1595 860 1636 timide
884 1594 1098 1650 gelideque
1122 1594 1334 1642 ministrat,

247 1661 408 1710 dilator,
435 1674 506 1714 spe
529 1658 694 1714 longus,
719 1657 845 1706 iners,
872 1656 1095 1709 avidusque
1120 1655 1257 1705 futuri,

248 1721 444 1771 difficilis,
471 1720 682 1774 querulus,
707 1719 892 1760 laudator
914 1717 1106 1772 temporis
1131 1717 1211 1758 acti

249 1798 292 1826 se
315 1798 459 1839 puero,
486 1782 703 1837 castigator
727 1794 950 1834 censorque
974 1780 1187 1821 minorum.

164 1861 224 1891 175
248 1846 377 1887 multa
401 1845 536 1886 ferunt
560 1843 654 1884 anni
677 1842 885 1884 venientes
910 1841 1124 1883 commoda
1147 1854 1304 1890 secum3

249 1907 377 1949 multa
399 1906 633 1948 recedentes
658 1905 853 1946 adimunt.
885 1918 935 1945 ne
959 1903 1062 1945 forte
1087 1902 1233 1944 seniles

250 1969 492 2010 mandentur
514 1966 651 2008 iuveni
673 1972 808 2021 partes
833 1979 1038 2020 pueroque
1062 1964 1216 2013 viriles3

252 2045 411 2085 semper
434 2029 475 2069 in
499 2028 698 2070 adiunctis
724 2041 906 2080 aevoque
929 2025 1176 2067 morabimur
1199 2024 1315 2080 aptis.

307 2098 377 2132 aut
400 2090 533 2146 agitur
555 2104 619 2131 res
644 2089 686 2130 in
710 2088 860 2138 scenis,
886 2094 955 2129 aut
979 2093 1069 2129 acta
1090 2086 1273 2128 refertur.

167 2167 228 2198 180
255 2154 419 2209 segnius
443 2153 600 2194 irritant
623 2152 779 2193 animos
804 2150 982 2192 demissa
1004 2164 1077 2204 per
1099 2163 1250 2198 aurem,

251 2231 373 2270 quam
398 2229 502 2268 quae
527 2220 621 2255 sunt
645 2213 771 2255 oculis
798 2212 978 2254 subiecta
1001 2210 1188 2252 fidelibus
1213 2215 1253 2251 et
1276 2222 1380 2263 quae

251 2279 339 2333 ipse
364 2277 441 2318 sibi
465 2276 586 2317 tradit
610 2281 822 2330 spectator.
853 2288 935 2315 non
958 2279 1093 2314 tamen
1115 2272 1223 2313 intus

254 2340 377 2395 digna
401 2338 486 2394 geri
511 2351 671 2392 promes
695 2336 738 2377 in
762 2350 943 2383 scenam,
968 2334 1175 2387 multaque
1198 2332 1313 2374 tolles

255 2415 305 2442 ex
329 2400 456 2442 oculis
481 2413 584 2452 quae
609 2413 704 2439 mox
727 2403 860 2438 narret
884 2395 1074 2437 facundia
1097 2408 1302 2450 praesens,

169 2475 229 2507 185
254 2476 328 2503 nec
352 2475 497 2515 pueros
524 2474 658 2500 coram
682 2457 832 2513 populo
856 2456 1007 2498 Medea
1030 2456 1214 2504 trucidet,

255 2531 324 2565 aut
347 2523 525 2563 humana
547 2521 681 2576 palam
705 2525 852 2573 coquat
875 2525 968 2560 exta
991 2517 1168 2559 nefarius
1192 2515 1357 2564 Atreus,

256 2592 325 2626 aut
348 2585 389 2625 in
413 2598 530 2625 avem
554 2582 712 2624 Procne
736 2587 930 2630 vertatur,
958 2579 1139 2622 Cadmus
1164 2578 1206 2619 in
1229 2590 1416 2632 anguem.

256 2646 541 2702 quodcumque
564 2643 742 2686 ostendis
767 2642 866 2683 mihi
891 2642 966 2691 sic,
991 2639 1221 2682 incredulus
1246 2638 1323 2680 odi.
