1546 2820
443 161 721 203 CARMINUM
743 160 842 197 LIB.
861 161 891 197 1.

461 340 725 382 GARMEN
753 339 876 379 XIV.

392 439 467 472 AD
489 435 941 514 ⁸REMPUBLICAM.

184 525 224 570 O
250 524 387 575 navis,
411 522 590 566 referent
612 522 657 563 in
679 535 793 563 mare
818 526 858 562 te
882 520 979 563 novi

182 587 357 632 fluctus?
380 601 405 630 o
429 585 529 642 quid
553 584 670 642 agis?
692 583 855 626 fortiter
878 597 1036 638 occupa

236 649 420 709 portum!
446 663 582 692 nonne
606 648 743 698 vides,
769 653 814 689 ut

294 714 453 757 nudum
476 711 651 769 remigio
675 710 784 753 latus

181 814 222 851 et
244 806 378 850 malus
403 805 526 848 celeri
550 803 716 847 saucius
740 802 890 846 Africo

181 876 466 925 antennaeque
489 873 661 925 gemant
685 881 734 909 ac
759 866 847 909 sine
871 865 1041 908 funibus

237 934 309 976 vix
333 933 480 975 durare
505 931 669 974 carinae

293 995 454 1053 possint
478 994 740 1052 imPeriosius

181 1090 360 1145 aequor?
383 1104 466 1131 non
489 1087 564 1130 tibi
589 1093 686 1130 sunt
708 1087 871 1144 integra
896 1086 1035 1136 lintea,

181 1168 263 1196 non
288 1153 350 1204 di,
375 1167 480 1207 quos
505 1152 655 1193 iterum
677 1165 824 1207 pressa
847 1164 972 1192 voces
997 1149 1120 1191 malo.

238 1216 428 1272 quamvis
452 1215 630 1257 Pontica
653 1214 791 1270 pinus,

297 1279 424 1322 silvae
449 1279 533 1320 filia
557 1277 721 1328 nobilis,

182 1372 309 1414 iactes
335 1377 376 1414 et
399 1386 532 1428 genus
558 1376 597 1412 et
622 1383 792 1412 nomen:
817 1367 980 1410 inutile!

183 1435 241 1477 nil
263 1435 384 1491 pictis
409 1433 578 1476 timidus
603 1433 745 1475 navita
768 1431 980 1488 puppibus

237 1497 346 1540 fidit!
372 1503 436 1549 tu,
462 1497 543 1539 nisi
566 1496 700 1539 ventis

296 1561 423 1604 debes
447 1560 691 1612 ludibrium,
718 1574 831 1602 cave.

181 1669 314 1711 nuper
337 1653 559 1696 sollicitum
582 1667 689 1708 quae
713 1651 815 1694 mihi
839 1651 1035 1702 taedium,

182 1731 291 1761 nuno
315 1716 567 1759 desiderium
591 1730 772 1770 curaque
796 1729 881 1757 non
904 1714 1024 1765 levis,

239 1780 441 1822 interfusa
463 1780 640 1822 nitentes

296 1843 402 1886 vites
427 1857 607 1898 aequora
633 1841 854 1899 Cycladas.

474 2018 737 2059 CARMEN
765 2018 866 2058 XV.

158 2115 308 2147 NEREI
332 2114 634 2148 VATICINIUM
659 2115 724 2147 DE
750 2113 955 2147 EXCIDIO
983 2113 1184 2146 TROIAE.

185 2198 336 2241 Pastor
360 2213 488 2253 quum
511 2199 691 2242 traheret
713 2214 788 2256 per
811 2199 918 2241 freta
940 2198 1117 2241 navibus

186 2261 323 2304 Idaeis
346 2261 555 2305 Helenam
577 2263 761 2319 perfidus
786 2263 1007 2320 hospitam,

185 2324 346 2381 ingrato
371 2325 524 2368 celeres
550 2325 686 2368 obruit
710 2326 794 2368 otio

269 2393 434 2439 ventos,
459 2395 506 2430 ut
530 2396 695 2431 caneret
718 2389 807 2431 fera

185 2477 343 2521 Nereus
367 2478 472 2521 fata:
500 2480 635 2532 „mala
659 2481 776 2523 ducis
801 2481 868 2523 avi
893 2481 1075 2531 domum,

187 2555 312 2596 quam
334 2542 464 2584 multo
487 2549 647 2598 repetet
672 2542 850 2586 Graecia
873 2543 1014 2594 milite,

187 2604 396 2647 coniurata
421 2611 513 2647 tuas
537 2621 728 2662 rumpere
752 2607 919 2662 nuptias

273 2674 312 2709 et
335 2682 511 2724 regnum
535 2667 694 2711 Priami
717 2675 850 2711 vetus.

1294 149 1348 192 13

1378 1159 1420 1192 10

1378 1507 1419 1538 15

1378 1853 1422 1884 20
