1500 2820
172 1043 212 1074 10

172 1351 210 1381 15

166 1658 208 1689 20

164 1966 205 1997 25

243 164 326 207 194
676 175 719 216 Q.
737 174 951 212 HORATII
967 175 1148 213 FLACOI

683 302 1004 344 EPISTOLA
1029 305 1132 344 XII.

722 396 800 429 AD
840 397 858 429 1
873 397 901 429 c
917 398 1086 432 cIUM.

237 477 456 519 Fructibus
479 477 690 534 Agrippae
716 477 883 530 Siculis,
909 494 1011 534 quos
1036 480 1210 538 colligis,
1235 481 1331 533 Icci,

239 539 274 580 si
296 546 404 580 recte
427 539 590 590 frueris,
616 555 698 582 non
721 547 783 582 est
805 547 850 582 ut
874 542 990 596 copia
1013 541 1140 584 maior

238 599 289 641 ab
312 601 412 642 Iove
436 601 576 642 donari
598 602 728 656 possit
750 601 835 643 tibi.
867 603 960 644 tolle
984 603 1181 657 querelas,

236 676 391 717 pauper
415 663 521 703 enim
544 678 626 704 non
650 669 728 712 est,
755 663 820 704 cui
841 678 977 705 rerum
1002 666 1179 720 suppetit
1203 681 1313 708 usus.

237 723 272 764 si
295 723 425 764 ventri
447 723 568 773 bene,
595 724 628 765 si
651 723 766 765 lateri
789 730 852 766 est
874 725 1130 780 pedibusque
1154 727 1251 777 tuis,
1276 727 1331 768 nil

237 784 399 825 divitiae
422 791 611 839 poterunt
633 785 790 840 regales
815 786 963 828 addere
987 788 1130 829 maius.

237 846 272 887 si
294 846 398 887 forte
421 846 463 887 in
486 844 618 888 medio
642 848 865 901 positorum
889 848 1110 891 abstemius
1134 849 1269 892 herbis

235 907 340 948 vivis
366 914 404 948 et
428 909 573 958 urtica,
600 908 658 950 sic
682 909 795 950 vives
819 910 1022 964 protinus,
1048 917 1092 952 ut
1116 917 1154 953 te

236 968 450 1010 confestim
474 969 650 1023 liquidus
675 970 880 1012 Fortunae
903 972 1015 1013 rivus
1038 971 1213 1023 inauret3

235 1030 300 1071 vel
324 1031 419 1084 quia
441 1038 627 1073 naturam
651 1039 806 1074 mutare
830 1034 1003 1087 pecunia
1025 1034 1167 1084 nescit,

234 1092 299 1133 vel
323 1093 418 1146 quia
442 1099 587 1134 cuncta
609 1100 729 1148 putas
754 1109 836 1135 una
859 1094 1005 1136 virtute
1029 1096 1196 1137 minora.

235 1154 444 1203 miramur,
471 1155 505 1195 si
528 1154 754 1196 Democriti
776 1170 902 1210 pecus
927 1157 1010 1198 edit
1033 1157 1185 1213 agellos

236 1215 439 1268 cultaque,
466 1216 562 1256 dum
586 1231 755 1272 peregre
780 1213 842 1259 e'st
864 1218 1022 1260 animus
1049 1219 1135 1260 sine
1159 1233 1326 1274 corpore
1350 1218 1481 1270 velox,

234 1290 359 1330 quum
386 1284 430 1317 tu
451 1277 555 1318 inter
579 1278 757 1320 scabiem
781 1285 935 1321 tantam
958 1286 998 1321 et
1022 1281 1210 1336 contagia
1231 1280 1334 1322 lucri

235 1338 292 1379 nil
314 1353 486 1393 parvum
511 1339 646 1394 sapias
671 1346 711 1381 et
734 1340 867 1382 adhuc
892 1340 1077 1384 sublimia
1104 1356 1239 1384 cures:

234 1414 338 1453 quae
362 1415 473 1442 mare
499 1409 758 1457 compescant
782 1417 970 1454 caussae3
994 1404 1092 1458 quid
1115 1410 1311 1459 temperet
1333 1418 1500 1454 annum3

234 1461 373 1503 stellae
398 1469 540 1517 sponte
566 1478 640 1504 sua
662 1463 850 1505 iussaene
874 1471 1074 1520 vagentur
1097 1471 1137 1506 et
1160 1472 1309 1516 errent3

233 1523 331 1576 quid
354 1531 510 1578 premat
534 1524 751 1566 obscurum
775 1525 911 1576 lunae,
938 1526 1036 1580 quid
1057 1526 1236 1581 proferat
1259 1526 1415 1572 orbem:

232 1584 331 1637 quid
354 1585 450 1626 velit
474 1591 513 1626 et
535 1586 665 1640 possit
688 1601 823 1628 rerum
847 1587 1062 1629 concordia
1086 1587 1240 1630 discors
1248 1604 1259 1638 ;

230 1644 502 1701 Empedocles
527 1663 579 1688 an
605 1646 841 1690 Stertinium
865 1649 1006 1690 deliret
1029 1664 1211 1691 acumen.

231 1722 372 1748 verum
397 1722 470 1749 seu
492 1708 626 1763 pisces
652 1724 724 1750 seu
747 1724 911 1764 porrum
937 1718 976 1752 et
1000 1725 1123 1766 caepe
1147 1711 1337 1761 trucidas,

231 1775 342 1810 utere
366 1768 564 1824 Pompeio
590 1768 780 1825 Grospho
805 1778 861 1821 et,
888 1771 922 1812 si
945 1771 1044 1825 quid
1065 1777 1192 1826 petet,
1218 1772 1322 1813 ultro

231 1830 361 1871 defer:
385 1830 442 1871 nil
468 1829 682 1886 Grosphus
706 1832 784 1873 nisi
807 1847 948 1873 verum
972 1833 1101 1874 orabit
1126 1841 1166 1874 et
1188 1847 1375 1887 aequum.

230 1891 321 1933 vilis
346 1892 566 1933 amicorum
591 1899 653 1934 est
676 1908 852 1943 annona,
878 1893 995 1935 bonis
1021 1893 1091 1936 ubi
1115 1894 1214 1948 quid
1236 1895 1362 1936 deest.

230 1967 282 1994 ne
305 1958 442 1994 tamen
463 1953 646 2009 ignores,
671 1967 751 2008 quo
777 1955 829 1996 sit
851 1954 1037 1996 Romana
1059 1955 1148 1996 loco
1171 1970 1254 1997 res:

233 2013 439 2056 Cantaber
461 2015 691 2071 Agrippae,
719 2015 868 2058 Claudi
891 2017 1037 2058 virtute
1059 2017 1231 2059 Neronis

229 2074 451 2118 Armenius
475 2077 637 2127 cecidit3
661 2077 724 2118 ius
749 2077 1042 2132 imperiumque
1068 2077 1263 2120 Phraates

231 2136 422 2179 Caesaris
446 2139 602 2193 accepit
624 2138 797 2194 genibus
822 2139 971 2190 minor3
996 2154 1118 2181 aurea
1139 2140 1279 2196 fruges

229 2199 371 2241 Italiae
395 2199 515 2255 pleno
538 2199 724 2241 defundit
749 2200 880 2255 Copia
904 2216 1040 2243 cornu.

659 2314 977 2354 EPISTOLA
1004 2316 1130 2354 XIII.

588 2408 662 2440 AD
693 2408 896 2442 VINIUM
928 2409 1204 2441 AsELLAM.

227 2489 288 2532 Ut
309 2490 632 2545 proficiscentem
655 2490 776 2532 docui
798 2496 838 2532 te
862 2505 984 2546 saepe
1008 2491 1170 2545 diuque,

227 2551 420 2608 Augusto
444 2552 588 2594 reddes
615 2552 776 2608 signata
798 2553 1020 2604 volumina,
1044 2553 1154 2603 Vini,

228 2613 263 2655 si
285 2613 462 2664 validus,
489 2613 523 2655 si
546 2613 676 2656 lactus
701 2614 792 2664 erit,
819 2614 853 2656 si
876 2614 1049 2669 denique
1072 2619 1231 2669 poscet3
