<?xml version="1.0" encoding="UTF-8"?>
<!DOCTYPE html PUBLIC "-//W3C//DTD XHTML 1.0 Transitional//EN"
    "http://www.w3.org/TR/xhtml1/DTD/xhtml1-transitional.dtd">
<html xmlns="http://www.w3.org/1999/xhtml" xml:lang="en" lang="en">
 <head>
  <title>
</title>
<meta http-equiv="Content-Type" content="text/html;charset=utf-8" />
  <meta name='ocr-system' content='tesseract 3.04.00' />
  <meta name='ocr-capabilities' content='ocr_page ocr_carea ocr_par ocr_line ocrx_word'/>
</head>
<body>
  <div class='ocr_page' id='page_1' title='image "./operaomni00horauoft_0264.png"; bbox 0 0 1500 2820; ppageno 0'>
   <div class='ocr_carea' id='block_1_1' title="bbox 1175 0 1500 121">
    <p class='ocr_par' dir='ltr' id='par_1_1' title="bbox 1175 0 1500 121">
     <span class='ocr_line' id='line_1_1' title="bbox 1175 0 1500 121; baseline 0 2699"><span class='ocrx_word' id='word_1_1' title='bbox 1175 0 1500 121; x_wconf 95' lang='lat' dir='ltr'><strong> </strong></span> 
     </span>
    </p>
   </div>
   <div class='ocr_carea' id='block_1_2' title="bbox 153 144 1058 196">
    <p class='ocr_par' dir='ltr' id='par_1_2' title="bbox 153 144 1058 196">
     <span class='ocr_line' id='line_1_2' title="bbox 153 144 1058 196; baseline 0.001 -9"><span class='ocrx_word' id='word_1_2' title='bbox 153 144 235 188; x_wconf 85' lang='lat'><strong>174</strong></span> <span class='ocrx_word' id='word_1_3' title='bbox 586 154 629 196; x_wconf 83' lang='lat' dir='ltr'><strong>Q.</strong></span> <span class='ocrx_word' id='word_1_4' title='bbox 647 152 862 189; x_wconf 76' lang='lat' dir='ltr'><strong>HORATH</strong></span> <span class='ocrx_word' id='word_1_5' title='bbox 877 151 1058 189; x_wconf 80' lang='lat' dir='ltr'>FLAOOI</span> 
     </span>
    </p>
   </div>
   <div class='ocr_carea' id='block_1_3' title="bbox 84 256 1493 2670">
    <p class='ocr_par' dir='ltr' id='par_1_3' title="bbox 151 256 1180 311">
     <span class='ocr_line' id='line_1_3' title="bbox 151 256 1180 311; baseline 0 -11"><span class='ocrx_word' id='word_1_6' title='bbox 151 257 364 300; x_wconf 86' lang='lat' dir='ltr'><strong>convivam</strong></span> <span class='ocrx_word' id='word_1_7' title='bbox 371 274 383 308; x_wconf 92' lang='lat'>;</span> <span class='ocrx_word' id='word_1_8' title='bbox 410 256 594 310; x_wconf 89' lang='lat' dir='ltr'><strong>„nemon’</strong></span> <span class='ocrx_word' id='word_1_9' title='bbox 618 256 754 300; x_wconf 91' lang='lat' dir='ltr'><strong>oleum</strong></span> <span class='ocrx_word' id='word_1_10' title='bbox 775 256 855 299; x_wconf 88' lang='lat' dir='ltr'><strong>fert</strong></span> <span class='ocrx_word' id='word_1_11' title='bbox 877 256 1019 299; x_wconf 81' lang='lat' dir='ltr'><strong>ocius?</strong></span> <span class='ocrx_word' id='word_1_12' title='bbox 1041 256 1180 311; x_wconf 76' lang='lat' dir='ltr'><strong>eequis</strong></span> 
     </span>
    </p>

    <p class='ocr_par' dir='ltr' id='par_1_4' title="bbox 85 318 1230 623">
     <span class='ocr_line' id='line_1_4' title="bbox 85 318 1230 376; baseline -0.002 -12"><span class='ocrx_word' id='word_1_13' title='bbox 85 332 128 364; x_wconf 80' lang='lat'><strong>35</strong></span> <span class='ocrx_word' id='word_1_14' title='bbox 151 319 318 362; x_wconf 85' lang='lat' dir='ltr'><strong>audit?“</strong></span> <span class='ocrx_word' id='word_1_15' title='bbox 344 334 438 362; x_wconf 91' lang='lat' dir='ltr'><strong>cum</strong></span> <span class='ocrx_word' id='word_1_16' title='bbox 461 334 612 376; x_wconf 87' lang='lat' dir='ltr'><strong>magno</strong></span> <span class='ocrx_word' id='word_1_17' title='bbox 635 319 811 362; x_wconf 81' lang='lat' dir='ltr'>blateras</span> <span class='ocrx_word' id='word_1_18' title='bbox 836 320 1011 362; x_wconf 84' lang='lat' dir='ltr'><strong>clamore</strong></span> <span class='ocrx_word' id='word_1_19' title='bbox 1035 318 1230 374; x_wconf 85' lang='lat' dir='ltr'><strong>furisque.</strong></span> 
     </span>
     <span class='ocr_line' id='line_1_5' title="bbox 150 381 1230 436; baseline -0.001 -12"><span class='ocrx_word' id='word_1_20' title='bbox 150 381 335 424; x_wconf 85' lang='lat' dir='ltr'><strong>Mulvius</strong></span> <span class='ocrx_word' id='word_1_21' title='bbox 362 389 402 424; x_wconf 86' lang='lat' dir='ltr'><strong>et</strong></span> <span class='ocrx_word' id='word_1_22' title='bbox 426 397 604 432; x_wconf 89' lang='lat' dir='ltr'><strong>scurrae,</strong></span> <span class='ocrx_word' id='word_1_23' title='bbox 631 382 704 424; x_wconf 83' lang='lat' dir='ltr'><strong>tibi</strong></span> <span class='ocrx_word' id='word_1_24' title='bbox 725 397 808 424; x_wconf 92' lang='lat' dir='ltr'><strong>non</strong></span> <span class='ocrx_word' id='word_1_25' title='bbox 829 382 1042 424; x_wconf 87' lang='lat' dir='ltr'><strong>referenda</strong></span> <span class='ocrx_word' id='word_1_26' title='bbox 1064 382 1230 436; x_wconf 83' lang='lat' dir='ltr'><strong>precati,</strong></span> 
     </span>
     <span class='ocr_line' id='line_1_6' title="bbox 151 443 1143 497; baseline 0 -11"><span class='ocrx_word' id='word_1_27' title='bbox 151 444 375 486; x_wconf 88' lang='lat' dir='ltr'><strong>discedunt.</strong></span> <span class='ocrx_word' id='word_1_28' title='bbox 410 445 584 497; x_wconf 77' lang='lat' dir='ltr'><strong>„etenim</strong></span> <span class='ocrx_word' id='word_1_29' title='bbox 607 444 738 486; x_wconf 85' lang='lat' dir='ltr'><strong>fateor</strong></span> <span class='ocrx_word' id='word_1_30' title='bbox 759 447 870 495; x_wconf 89' lang='lat' dir='ltr'><strong>me,“</strong></span> <span class='ocrx_word' id='word_1_31' title='bbox 896 445 1041 485; x_wconf 80' lang='lat' dir='ltr'><strong>dixerit</strong></span> <span class='ocrx_word' id='word_1_32' title='bbox 1064 443 1143 494; x_wconf 85' lang='lat' dir='ltr'><strong>ille,</strong></span> 
     </span>
     <span class='ocr_line' id='line_1_7' title="bbox 154 506 1150 561; baseline -0.001 -13"><span class='ocrx_word' id='word_1_33' title='bbox 154 507 275 558; x_wconf 87' lang='lat' dir='ltr'><strong>„duci</strong></span> <span class='ocrx_word' id='word_1_34' title='bbox 298 514 437 549; x_wconf 89' lang='lat' dir='ltr'><strong>ventre</strong></span> <span class='ocrx_word' id='word_1_35' title='bbox 461 508 613 558; x_wconf 83' lang='lat' dir='ltr'><strong>levem3</strong></span> <span class='ocrx_word' id='word_1_36' title='bbox 637 522 783 548; x_wconf 82' lang='lat' dir='ltr'><strong>nasum</strong></span> <span class='ocrx_word' id='word_1_37' title='bbox 807 506 946 548; x_wconf 88' lang='lat' dir='ltr'><strong>nidore</strong></span> <span class='ocrx_word' id='word_1_38' title='bbox 972 506 1150 561; x_wconf 90' lang='lat' dir='ltr'><strong>supinor,</strong></span> 
     </span>
     <span class='ocr_line' id='line_1_8' title="bbox 150 568 1178 623; baseline 0 -12"><span class='ocrx_word' id='word_1_39' title='bbox 150 568 398 619; x_wconf 83' lang='lat' dir='ltr'><strong>imbecillus,</strong></span> <span class='ocrx_word' id='word_1_40' title='bbox 422 570 531 611; x_wconf 88' lang='lat' dir='ltr'><strong>iners</strong></span> <span class='ocrx_word' id='word_1_41' title='bbox 539 586 550 619; x_wconf 84' lang='lat'><em>3</em></span> <span class='ocrx_word' id='word_1_42' title='bbox 577 569 611 611; x_wconf 92' lang='lat' dir='ltr'><strong>si</strong></span> <span class='ocrx_word' id='word_1_43' title='bbox 635 569 733 623; x_wconf 90' lang='lat' dir='ltr'><strong>quid</strong></span> <span class='ocrx_word' id='word_1_44' title='bbox 755 569 837 618; x_wconf 88' lang='lat' dir='ltr'><strong>vis,</strong></span> <span class='ocrx_word' id='word_1_45' title='bbox 863 568 984 617; x_wconf 87' lang='lat' dir='ltr'><strong>adde,</strong></span> <span class='ocrx_word' id='word_1_46' title='bbox 1009 568 1178 623; x_wconf 85' lang='lat' dir='ltr'><strong>popino:</strong></span> 
     </span>
    </p>

    <p class='ocr_par' dir='ltr' id='par_1_5' title="bbox 84 628 1294 930">
     <span class='ocr_line' id='line_1_9' title="bbox 84 628 1294 687; baseline -0.002 -14"><span class='ocrx_word' id='word_1_47' title='bbox 84 642 128 673; x_wconf 76' lang='lat'><strong>40</strong></span> <span class='ocrx_word' id='word_1_48' title='bbox 152 635 197 671; x_wconf 91' lang='lat' dir='ltr'><strong>tu</strong></span> <span class='ocrx_word' id='word_1_49' title='bbox 219 645 346 685; x_wconf 91' lang='lat' dir='ltr'><strong>quum</strong></span> <span class='ocrx_word' id='word_1_50' title='bbox 371 632 426 674; x_wconf 89' lang='lat' dir='ltr'><strong>sis</strong></span> <span class='ocrx_word' id='word_1_51' title='bbox 451 632 561 686; x_wconf 91' lang='lat' dir='ltr'><strong>quod</strong></span> <span class='ocrx_word' id='word_1_52' title='bbox 585 645 679 687; x_wconf 86' lang='lat' dir='ltr'><strong>ego,</strong></span> <span class='ocrx_word' id='word_1_53' title='bbox 706 636 745 672; x_wconf 91' lang='lat' dir='ltr'><strong>et</strong></span> <span class='ocrx_word' id='word_1_54' title='bbox 768 630 953 672; x_wconf 80' lang='lat' dir='ltr'>fortassis</span> <span class='ocrx_word' id='word_1_55' title='bbox 978 629 1164 683; x_wconf 78' lang='lat' dir='ltr'><strong>nequior,</strong></span> <span class='ocrx_word' id='word_1_56' title='bbox 1189 628 1294 671; x_wconf 86' lang='lat' dir='ltr'><strong>ultro</strong></span> 
     </span>
     <span class='ocr_line' id='line_1_10' title="bbox 150 691 1090 745; baseline -0.002 -12"><span class='ocrx_word' id='word_1_57' title='bbox 150 692 349 736; x_wconf 88' lang='lat' dir='ltr'><strong>insectere</strong></span> <span class='ocrx_word' id='word_1_58' title='bbox 373 693 484 735; x_wconf 91' lang='lat' dir='ltr'><strong>velut</strong></span> <span class='ocrx_word' id='word_1_59' title='bbox 507 693 666 742; x_wconf 88' lang='lat' dir='ltr'><strong>melior,</strong></span> <span class='ocrx_word' id='word_1_60' title='bbox 691 691 909 745; x_wconf 87' lang='lat' dir='ltr'><strong>verbisque</strong></span> <span class='ocrx_word' id='word_1_61' title='bbox 933 691 1090 732; x_wconf 88' lang='lat' dir='ltr'><strong>decoris</strong></span> 
     </span>
     <span class='ocr_line' id='line_1_11' title="bbox 151 752 1157 808; baseline -0.006 -9"><span class='ocrx_word' id='word_1_62' title='bbox 151 756 348 800; x_wconf 84' lang='lat' dir='ltr'>obvolvas</span> <span class='ocrx_word' id='word_1_63' title='bbox 372 755 570 796; x_wconf 85' lang='lat' dir='ltr'><strong>vitium?“</strong></span> <span class='ocrx_word' id='word_1_64' title='bbox 596 754 712 808; x_wconf 90' lang='lat' dir='ltr'><strong>quid,</strong></span> <span class='ocrx_word' id='word_1_65' title='bbox 739 754 774 795; x_wconf 92' lang='lat' dir='ltr'><strong>si</strong></span> <span class='ocrx_word' id='word_1_66' title='bbox 796 767 862 794; x_wconf 90' lang='lat' dir='ltr'><strong>me</strong></span> <span class='ocrx_word' id='word_1_67' title='bbox 887 752 1044 794; x_wconf 90' lang='lat' dir='ltr'><strong>stultior</strong></span> <span class='ocrx_word' id='word_1_68' title='bbox 1066 752 1157 807; x_wconf 91' lang='lat' dir='ltr'><strong>ipso</strong></span> 
     </span>
     <span class='ocr_line' id='line_1_12' title="bbox 151 813 1197 875; baseline -0.007 -14"><span class='ocrx_word' id='word_1_69' title='bbox 151 819 386 875; x_wconf 81' lang='lat' dir='ltr'><strong>quingentis</strong></span> <span class='ocrx_word' id='word_1_70' title='bbox 411 824 519 858; x_wconf 90' lang='lat' dir='ltr'><strong>emto</strong></span> <span class='ocrx_word' id='word_1_71' title='bbox 543 815 746 857; x_wconf 82' lang='lat' dir='ltr'>drachmis</span> <span class='ocrx_word' id='word_1_72' title='bbox 771 813 1058 870; x_wconf 82' lang='lat' dir='ltr'><strong>deprenderis?</strong></span> <span class='ocrx_word' id='word_1_73' title='bbox 1080 813 1197 855; x_wconf 85' lang='lat' dir='ltr'><strong>aufer</strong></span> 
     </span>
     <span class='ocr_line' id='line_1_13' title="bbox 151 876 1266 930; baseline -0.007 -6"><span class='ocrx_word' id='word_1_74' title='bbox 151 897 218 924; x_wconf 89' lang='lat' dir='ltr'><strong>me</strong></span> <span class='ocrx_word' id='word_1_75' title='bbox 241 881 357 923; x_wconf 88' lang='lat' dir='ltr'><strong>vultu</strong></span> <span class='ocrx_word' id='word_1_76' title='bbox 380 886 546 928; x_wconf 84' lang='lat' dir='ltr'><strong>terrere3</strong></span> <span class='ocrx_word' id='word_1_77' title='bbox 571 892 738 919; x_wconf 90' lang='lat' dir='ltr'><strong>manum</strong></span> <span class='ocrx_word' id='word_1_78' title='bbox 763 876 1096 930; x_wconf 79' lang='lat' dir='ltr'><strong>stomachumque</strong></span> <span class='ocrx_word' id='word_1_79' title='bbox 1120 880 1266 925; x_wconf 88' lang='lat' dir='ltr'><strong>teneto,</strong></span> 
     </span>
    </p>

    <p class='ocr_par' dir='ltr' id='par_1_6' title="bbox 85 938 1281 1248">
     <span class='ocr_line' id='line_1_14' title="bbox 85 938 1156 998; baseline -0.009 -10"><span class='ocrx_word' id='word_1_80' title='bbox 85 961 129 992; x_wconf 85' lang='lat'><strong>45</strong></span> <span class='ocrx_word' id='word_1_81' title='bbox 154 947 269 995; x_wconf 86' lang='lat' dir='ltr'><strong>dum,</strong></span> <span class='ocrx_word' id='word_1_82' title='bbox 295 957 399 998; x_wconf 84' lang='lat' dir='ltr'><strong>quae</strong></span> <span class='ocrx_word' id='word_1_83' title='bbox 425 941 604 996; x_wconf 85' lang='lat' dir='ltr'><strong>Crispini</strong></span> <span class='ocrx_word' id='word_1_84' title='bbox 629 940 766 982; x_wconf 90' lang='lat' dir='ltr'><strong>docuit</strong></span> <span class='ocrx_word' id='word_1_85' title='bbox 789 954 854 980; x_wconf 89' lang='lat' dir='ltr'><strong>me</strong></span> <span class='ocrx_word' id='word_1_86' title='bbox 877 938 1041 988; x_wconf 89' lang='lat' dir='ltr'><strong>ianitor,</strong></span> <span class='ocrx_word' id='word_1_87' title='bbox 1067 938 1156 979; x_wconf 88' lang='lat' dir='ltr'><strong>edo.</strong></span> 
     </span>
     <span class='ocr_line' id='line_1_15' title="bbox 152 1000 1157 1057; baseline -0.01 -7"><span class='ocrx_word' id='word_1_88' title='bbox 152 1016 192 1050; x_wconf 91' lang='lat' dir='ltr'><strong>te</strong></span> <span class='ocrx_word' id='word_1_89' title='bbox 216 1006 364 1049; x_wconf 87' lang='lat' dir='ltr'><strong>coniux</strong></span> <span class='ocrx_word' id='word_1_90' title='bbox 388 1004 519 1045; x_wconf 86' lang='lat' dir='ltr'><strong>aliena</strong></span> <span class='ocrx_word' id='word_1_91' title='bbox 543 1003 668 1057; x_wconf 83' lang='lat' dir='ltr'><strong>capit,</strong></span> <span class='ocrx_word' id='word_1_92' title='bbox 694 1001 948 1042; x_wconf 88' lang='lat' dir='ltr'><strong>meretricula</strong></span> <span class='ocrx_word' id='word_1_93' title='bbox 971 1000 1157 1041; x_wconf 89' lang='lat' dir='ltr'><strong>Davum:</strong></span> 
     </span>
     <span class='ocr_line' id='line_1_16' title="bbox 151 1061 1281 1126; baseline -0.008 -15"><span class='ocrx_word' id='word_1_94' title='bbox 151 1075 295 1126; x_wconf 89' lang='lat' dir='ltr'><strong>peccat</strong></span> <span class='ocrx_word' id='word_1_95' title='bbox 318 1073 408 1108; x_wconf 86' lang='lat' dir='ltr'><strong>uter</strong></span> <span class='ocrx_word' id='word_1_96' title='bbox 429 1071 613 1107; x_wconf 87' lang='lat' dir='ltr'><strong>nostrum</strong></span> <span class='ocrx_word' id='word_1_97' title='bbox 638 1078 756 1104; x_wconf 88' lang='lat' dir='ltr'><strong>cruce</strong></span> <span class='ocrx_word' id='word_1_98' title='bbox 780 1062 970 1118; x_wconf 86' lang='lat' dir='ltr'><strong>dignius?</strong></span> <span class='ocrx_word' id='word_1_99' title='bbox 993 1061 1096 1103; x_wconf 80' lang='lat' dir='ltr'><strong>acris</strong></span> <span class='ocrx_word' id='word_1_100' title='bbox 1121 1061 1192 1102; x_wconf 88' lang='lat' dir='ltr'><strong>ubi</strong></span> <span class='ocrx_word' id='word_1_101' title='bbox 1214 1075 1281 1103; x_wconf 87' lang='lat' dir='ltr'><strong>me</strong></span> 
     </span>
     <span class='ocr_line' id='line_1_17' title="bbox 151 1123 1065 1176; baseline -0.012 -2"><span class='ocrx_word' id='word_1_102' title='bbox 151 1139 296 1174; x_wconf 85' lang='lat' dir='ltr'><strong>natura</strong></span> <span class='ocrx_word' id='word_1_103' title='bbox 319 1127 507 1176; x_wconf 90' lang='lat' dir='ltr'><strong>intendit,</strong></span> <span class='ocrx_word' id='word_1_104' title='bbox 535 1126 610 1168; x_wconf 91' lang='lat' dir='ltr'><strong>sub</strong></span> <span class='ocrx_word' id='word_1_105' title='bbox 636 1125 743 1166; x_wconf 84' lang='lat' dir='ltr'><strong>clara</strong></span> <span class='ocrx_word' id='word_1_106' title='bbox 765 1125 877 1165; x_wconf 86' lang='lat' dir='ltr'><strong>nuda</strong></span> <span class='ocrx_word' id='word_1_107' title='bbox 898 1123 1065 1164; x_wconf 86' lang='lat' dir='ltr'><strong>lucerna</strong></span> 
     </span>
     <span class='ocr_line' id='line_1_18' title="bbox 153 1184 1223 1248; baseline -0.009 -14"><span class='ocrx_word' id='word_1_108' title='bbox 153 1203 434 1248; x_wconf 84' lang='lat' dir='ltr'><strong>quaecumque</strong></span> <span class='ocrx_word' id='word_1_109' title='bbox 458 1187 617 1242; x_wconf 78' lang='lat' dir='ltr'><strong>excepit</strong></span> <span class='ocrx_word' id='word_1_110' title='bbox 641 1186 839 1241; x_wconf 86' lang='lat' dir='ltr'><strong>turgentis</strong></span> <span class='ocrx_word' id='word_1_111' title='bbox 863 1184 1033 1226; x_wconf 84' lang='lat' dir='ltr'><strong>verbera</strong></span> <span class='ocrx_word' id='word_1_112' title='bbox 1057 1184 1223 1234; x_wconf 87' lang='lat' dir='ltr'><strong>caudae,</strong></span> 
     </span>
    </p>

    <p class='ocr_par' dir='ltr' id='par_1_7' title="bbox 87 1245 1214 1552">
     <span class='ocr_line' id='line_1_19' title="bbox 87 1245 1214 1305; baseline -0.011 -8"><span class='ocrx_word' id='word_1_113' title='bbox 87 1269 131 1301; x_wconf 86' lang='lat'><strong>50</strong></span> <span class='ocrx_word' id='word_1_114' title='bbox 154 1253 340 1296; x_wconf 84' lang='lat' dir='ltr'><strong>clunibus</strong></span> <span class='ocrx_word' id='word_1_115' title='bbox 365 1256 435 1292; x_wconf 86' lang='lat' dir='ltr'><strong>aut</strong></span> <span class='ocrx_word' id='word_1_116' title='bbox 458 1249 627 1305; x_wconf 84' lang='lat' dir='ltr'><strong>agitavit</strong></span> <span class='ocrx_word' id='word_1_117' title='bbox 651 1262 801 1301; x_wconf 90' lang='lat' dir='ltr'><strong>equum</strong></span> <span class='ocrx_word' id='word_1_118' title='bbox 825 1246 979 1288; x_wconf 80' lang='lat' dir='ltr'><strong>lasciva·</strong></span> <span class='ocrx_word' id='word_1_119' title='bbox 1003 1245 1194 1300; x_wconf 89' lang='lat' dir='ltr'><strong>supinum</strong></span> <span class='ocrx_word' id='word_1_120' title='bbox 1202 1260 1214 1295; x_wconf 92' lang='lat'>;</span> 
     </span>
     <span class='ocr_line' id='line_1_20' title="bbox 154 1307 1193 1366; baseline -0.01 -9"><span class='ocrx_word' id='word_1_121' title='bbox 154 1315 319 1358; x_wconf 81' lang='lat' dir='ltr'><strong>dimittit</strong></span> <span class='ocrx_word' id='word_1_122' title='bbox 341 1326 473 1366; x_wconf 90' lang='lat' dir='ltr'><strong>neque</strong></span> <span class='ocrx_word' id='word_1_123' title='bbox 497 1311 701 1352; x_wconf 89' lang='lat' dir='ltr'><strong>famosum</strong></span> <span class='ocrx_word' id='word_1_124' title='bbox 725 1323 856 1363; x_wconf 89' lang='lat' dir='ltr'><strong>neque</strong></span> <span class='ocrx_word' id='word_1_125' title='bbox 882 1307 1116 1356; x_wconf 89' lang='lat' dir='ltr'><strong>sollicitum,</strong></span> <span class='ocrx_word' id='word_1_126' title='bbox 1141 1321 1193 1347; x_wconf 92' lang='lat' dir='ltr'><strong>ne</strong></span> 
     </span>
     <span class='ocr_line' id='line_1_21' title="bbox 154 1369 1070 1420; baseline -0.011 -1"><span class='ocrx_word' id='word_1_127' title='bbox 154 1378 272 1420; x_wconf 89' lang='lat' dir='ltr'><strong>ditior</strong></span> <span class='ocrx_word' id='word_1_128' title='bbox 296 1381 366 1417; x_wconf 86' lang='lat' dir='ltr'><strong>aut</strong></span> <span class='ocrx_word' id='word_1_129' title='bbox 388 1373 543 1415; x_wconf 87' lang='lat' dir='ltr'><strong>formae</strong></span> <span class='ocrx_word' id='word_1_130' title='bbox 567 1371 744 1412; x_wconf 86' lang='lat' dir='ltr'><strong>melioris</strong></span> <span class='ocrx_word' id='word_1_131' title='bbox 768 1370 891 1411; x_wconf 89' lang='lat' dir='ltr'><strong>meiat</strong></span> <span class='ocrx_word' id='word_1_132' title='bbox 914 1369 1070 1411; x_wconf 88' lang='lat' dir='ltr'><strong>eodem.</strong></span> 
     </span>
     <span class='ocr_line' id='line_1_22' title="bbox 154 1429 1214 1493; baseline -0.009 -12"><span class='ocrx_word' id='word_1_133' title='bbox 154 1446 200 1481; x_wconf 89' lang='lat' dir='ltr'><strong>tu</strong></span> <span class='ocrx_word' id='word_1_134' title='bbox 222 1453 349 1493; x_wconf 91' lang='lat' dir='ltr'><strong>quum</strong></span> <span class='ocrx_word' id='word_1_135' title='bbox 372 1435 560 1492; x_wconf 88' lang='lat' dir='ltr'><strong>proiectis</strong></span> <span class='ocrx_word' id='word_1_136' title='bbox 585 1433 833 1489; x_wconf 84' lang='lat' dir='ltr'><strong>insignibus,</strong></span> <span class='ocrx_word' id='word_1_137' title='bbox 860 1431 1011 1473; x_wconf 88' lang='lat' dir='ltr'><strong>annulo</strong></span> <span class='ocrx_word' id='word_1_138' title='bbox 1035 1429 1214 1484; x_wconf 82' lang='lat' dir='ltr'><strong>equestri</strong></span> 
     </span>
     <span class='ocr_line' id='line_1_23' title="bbox 154 1492 1163 1552; baseline -0.012 -8"><span class='ocrx_word' id='word_1_139' title='bbox 154 1502 425 1552; x_wconf 86' lang='lat' dir='ltr'><strong>Romanoque</strong></span> <span class='ocrx_word' id='word_1_140' title='bbox 447 1496 607 1545; x_wconf 86' lang='lat' dir='ltr'><strong>habitu,</strong></span> <span class='ocrx_word' id='word_1_141' title='bbox 633 1495 770 1550; x_wconf 89' lang='lat' dir='ltr'><strong>prodis</strong></span> <span class='ocrx_word' id='word_1_142' title='bbox 796 1508 847 1535; x_wconf 86' lang='lat' dir='ltr'><strong>ex</strong></span> <span class='ocrx_word' id='word_1_143' title='bbox 869 1493 1002 1534; x_wconf 90' lang='lat' dir='ltr'><strong>iudice</strong></span> <span class='ocrx_word' id='word_1_144' title='bbox 1025 1492 1163 1533; x_wconf 87' lang='lat' dir='ltr'><strong>Dama</strong></span> 
     </span>
    </p>

    <p class='ocr_par' dir='ltr' id='par_1_8' title="bbox 89 1555 1256 1860">
     <span class='ocr_line' id='line_1_24' title="bbox 89 1555 1149 1618; baseline -0.011 -11"><span class='ocrx_word' id='word_1_145' title='bbox 89 1578 132 1610; x_wconf 81' lang='lat'><strong>55</strong></span> <span class='ocrx_word' id='word_1_146' title='bbox 156 1563 302 1618; x_wconf 84' lang='lat' dir='ltr'><strong>turpis,</strong></span> <span class='ocrx_word' id='word_1_147' title='bbox 328 1561 540 1602; x_wconf 85' lang='lat' dir='ltr'><strong>odoratum</strong></span> <span class='ocrx_word' id='word_1_148' title='bbox 565 1564 686 1611; x_wconf 85' lang='lat' dir='ltr'><strong>caput</strong></span> <span class='ocrx_word' id='word_1_149' title='bbox 710 1557 952 1598; x_wconf 86' lang='lat' dir='ltr'><strong>obscurante</strong></span> <span class='ocrx_word' id='word_1_150' title='bbox 975 1555 1149 1604; x_wconf 86' lang='lat' dir='ltr'><strong>lacerna,</strong></span> 
     </span>
     <span class='ocr_line' id='line_1_25' title="bbox 155 1616 1256 1677; baseline -0.01 -10"><span class='ocrx_word' id='word_1_151' title='bbox 155 1640 238 1667; x_wconf 91' lang='lat' dir='ltr'><strong>non</strong></span> <span class='ocrx_word' id='word_1_152' title='bbox 262 1639 305 1665; x_wconf 89' lang='lat' dir='ltr'><strong>es</strong></span> <span class='ocrx_word' id='word_1_153' title='bbox 330 1622 441 1677; x_wconf 91' lang='lat' dir='ltr'><strong>quod</strong></span> <span class='ocrx_word' id='word_1_154' title='bbox 466 1619 657 1662; x_wconf 86' lang='lat' dir='ltr'><strong>simulas?</strong></span> <span class='ocrx_word' id='word_1_155' title='bbox 680 1624 864 1659; x_wconf 90' lang='lat' dir='ltr'><strong>metuens</strong></span> <span class='ocrx_word' id='word_1_156' title='bbox 888 1616 1110 1666; x_wconf 87' lang='lat' dir='ltr'><strong>induceris,</strong></span> <span class='ocrx_word' id='word_1_157' title='bbox 1136 1620 1256 1670; x_wconf 86' lang='lat' dir='ltr'><strong>atque</strong></span> 
     </span>
     <span class='ocr_line' id='line_1_26' title="bbox 157 1680 1100 1734; baseline -0.012 -5"><span class='ocrx_word' id='word_1_158' title='bbox 157 1687 374 1729; x_wconf 83' lang='lat' dir='ltr'><strong>altercante</strong></span> <span class='ocrx_word' id='word_1_159' title='bbox 397 1681 632 1725; x_wconf 84' lang='lat' dir='ltr'><strong>libidinibus</strong></span> <span class='ocrx_word' id='word_1_160' title='bbox 657 1680 796 1722; x_wconf 91' lang='lat' dir='ltr'><strong>tremis</strong></span> <span class='ocrx_word' id='word_1_161' title='bbox 820 1694 915 1721; x_wconf 83' lang='lat' dir='ltr'><strong>ossa</strong></span> <span class='ocrx_word' id='word_1_162' title='bbox 937 1692 1100 1734; x_wconf 86' lang='lat' dir='ltr'><strong>pavore.</strong></span> 
     </span>
     <span class='ocr_line' id='line_1_27' title="bbox 157 1740 1030 1804; baseline -0.01 -14"><span class='ocrx_word' id='word_1_163' title='bbox 157 1748 256 1804; x_wconf 86' lang='lat' dir='ltr'><strong>quid</strong></span> <span class='ocrx_word' id='word_1_164' title='bbox 278 1747 419 1795; x_wconf 86' lang='lat' dir='ltr'><strong>refert,</strong></span> <span class='ocrx_word' id='word_1_165' title='bbox 443 1745 507 1786; x_wconf 80' lang='lat' dir='ltr'><strong>uri</strong></span> <span class='ocrx_word' id='word_1_166' title='bbox 529 1743 655 1799; x_wconf 86' lang='lat' dir='ltr'><strong>virgis</strong></span> <span class='ocrx_word' id='word_1_167' title='bbox 680 1742 869 1795; x_wconf 87' lang='lat' dir='ltr'><strong>ferroque</strong></span> <span class='ocrx_word' id='word_1_168' title='bbox 892 1740 1030 1782; x_wconf 89' lang='lat' dir='ltr'><strong>necari</strong></span> 
     </span>
     <span class='ocr_line' id='line_1_28' title="bbox 158 1802 1095 1860; baseline -0.011 -8"><span class='ocrx_word' id='word_1_169' title='bbox 158 1815 389 1852; x_wconf 83' lang='lat' dir='ltr'><strong>auctoratus</strong></span> <span class='ocrx_word' id='word_1_170' title='bbox 415 1822 502 1856; x_wconf 88' lang='lat' dir='ltr'><strong>eas,</strong></span> <span class='ocrx_word' id='word_1_171' title='bbox 528 1821 581 1847; x_wconf 86' lang='lat' dir='ltr'><strong>an</strong></span> <span class='ocrx_word' id='word_1_172' title='bbox 604 1805 711 1860; x_wconf 85' lang='lat' dir='ltr'><strong>turpi</strong></span> <span class='ocrx_word' id='word_1_173' title='bbox 735 1803 899 1844; x_wconf 86' lang='lat' dir='ltr'><strong>clausus</strong></span> <span class='ocrx_word' id='word_1_174' title='bbox 923 1802 966 1843; x_wconf 91' lang='lat' dir='ltr'><strong>in</strong></span> <span class='ocrx_word' id='word_1_175' title='bbox 989 1816 1095 1852; x_wconf 88' lang='lat' dir='ltr'><strong>arca,</strong></span> 
     </span>
    </p>

    <p class='ocr_par' dir='ltr' id='par_1_9' title="bbox 92 1864 1252 2170">
     <span class='ocr_line' id='line_1_29' title="bbox 92 1864 1028 1927; baseline -0.011 -12"><span class='ocrx_word' id='word_1_176' title='bbox 92 1888 134 1919; x_wconf 85' lang='lat'><strong>60</strong></span> <span class='ocrx_word' id='word_1_177' title='bbox 158 1886 238 1927; x_wconf 92' lang='lat' dir='ltr'><strong>quo</strong></span> <span class='ocrx_word' id='word_1_178' title='bbox 262 1877 302 1912; x_wconf 92' lang='lat' dir='ltr'><strong>te</strong></span> <span class='ocrx_word' id='word_1_179' title='bbox 326 1868 489 1911; x_wconf 86' lang='lat' dir='ltr'><strong>demisit</strong></span> <span class='ocrx_word' id='word_1_180' title='bbox 510 1866 668 1923; x_wconf 89' lang='lat' dir='ltr'><strong>peccati</strong></span> <span class='ocrx_word' id='word_1_181' title='bbox 691 1865 854 1907; x_wconf 90' lang='lat' dir='ltr'><strong>conscia</strong></span> <span class='ocrx_word' id='word_1_182' title='bbox 877 1864 1028 1913; x_wconf 86' lang='lat' dir='ltr'><strong>herilis,</strong></span> 
     </span>
     <span class='ocr_line' id='line_1_30' title="bbox 158 1923 1252 1987; baseline -0.01 -11"><span class='ocrx_word' id='word_1_183' title='bbox 158 1939 410 1977; x_wconf 86' lang='lat' dir='ltr'><strong>contractum</strong></span> <span class='ocrx_word' id='word_1_184' title='bbox 432 1930 606 1987; x_wconf 88' lang='lat' dir='ltr'><strong>genibus</strong></span> <span class='ocrx_word' id='word_1_185' title='bbox 632 1935 776 1984; x_wconf 86' lang='lat' dir='ltr'><strong>tangas</strong></span> <span class='ocrx_word' id='word_1_186' title='bbox 802 1927 948 1982; x_wconf 84' lang='lat' dir='ltr'><strong>caput?</strong></span> <span class='ocrx_word' id='word_1_187' title='bbox 971 1932 1084 1967; x_wconf 88' lang='lat' dir='ltr'><strong>estne</strong></span> <span class='ocrx_word' id='word_1_188' title='bbox 1108 1923 1252 1966; x_wconf 82' lang='lat' dir='ltr'><strong>marito</strong></span> 
     </span>
     <span class='ocr_line' id='line_1_31' title="bbox 158 1986 1164 2048; baseline -0.011 -10"><span class='ocrx_word' id='word_1_189' title='bbox 158 2002 364 2038; x_wconf 87' lang='lat' dir='ltr'><strong>matronae</strong></span> <span class='ocrx_word' id='word_1_190' title='bbox 388 1992 593 2048; x_wconf 86' lang='lat' dir='ltr'><strong>peccantis</strong></span> <span class='ocrx_word' id='word_1_191' title='bbox 617 1992 660 2032; x_wconf 91' lang='lat' dir='ltr'><strong>in</strong></span> <span class='ocrx_word' id='word_1_192' title='bbox 683 1990 803 2032; x_wconf 88' lang='lat' dir='ltr'><strong>ambo</strong></span> <span class='ocrx_word' id='word_1_193' title='bbox 826 1990 935 2030; x_wconf 87' lang='lat' dir='ltr'><strong>iusta</strong></span> <span class='ocrx_word' id='word_1_194' title='bbox 956 1986 1164 2043; x_wconf 86' lang='lat' dir='ltr'><strong>potesta-s?</strong></span> 
     </span>
     <span class='ocr_line' id='line_1_32' title="bbox 158 2051 1092 2111; baseline -0.012 -10"><span class='ocrx_word' id='word_1_195' title='bbox 158 2059 201 2101; x_wconf 90' lang='lat' dir='ltr'><strong>in</strong></span> <span class='ocrx_word' id='word_1_196' title='bbox 225 2062 499 2111; x_wconf 88' lang='lat' dir='ltr'><strong>corruptorem</strong></span> <span class='ocrx_word' id='word_1_197' title='bbox 522 2054 589 2095; x_wconf 89' lang='lat' dir='ltr'><strong>vel</strong></span> <span class='ocrx_word' id='word_1_198' title='bbox 610 2053 766 2094; x_wconf 87' lang='lat' dir='ltr'><strong>iustior.</strong></span> <span class='ocrx_word' id='word_1_199' title='bbox 794 2051 864 2092; x_wconf 88' lang='lat' dir='ltr'><strong>illa</strong></span> <span class='ocrx_word' id='word_1_200' title='bbox 887 2057 1024 2092; x_wconf 88' lang='lat' dir='ltr'><strong>tamen</strong></span> <span class='ocrx_word' id='word_1_201' title='bbox 1048 2064 1092 2091; x_wconf 88' lang='lat' dir='ltr'><strong>se</strong></span> 
     </span>
     <span class='ocr_line' id='line_1_33' title="bbox 158 2116 1172 2170; baseline -0.011 -7"><span class='ocrx_word' id='word_1_202' title='bbox 158 2135 242 2163; x_wconf 91' lang='lat' dir='ltr'><strong>non</strong></span> <span class='ocrx_word' id='word_1_203' title='bbox 264 2119 406 2161; x_wconf 87' lang='lat' dir='ltr'><strong>habitu</strong></span> <span class='ocrx_word' id='word_1_204' title='bbox 430 2122 610 2158; x_wconf 86' lang='lat' dir='ltr'><strong>mutatve</strong></span> <span class='ocrx_word' id='word_1_205' title='bbox 633 2116 741 2165; x_wconf 88' lang='lat' dir='ltr'><strong>loco,</strong></span> <span class='ocrx_word' id='word_1_206' title='bbox 766 2119 960 2170; x_wconf 86' lang='lat' dir='ltr'><strong>peccatve</strong></span> <span class='ocrx_word' id='word_1_207' title='bbox 986 2125 1172 2167; x_wconf 88' lang='lat' dir='ltr'><strong>superne.</strong></span> 
     </span>
    </p>

    <p class='ocr_par' dir='ltr' id='par_1_10' title="bbox 96 2171 1454 2485">
     <span class='ocr_line' id='line_1_34' title="bbox 96 2171 1233 2237; baseline -0.011 -11"><span class='ocrx_word' id='word_1_208' title='bbox 96 2196 138 2228; x_wconf 87' lang='lat'><strong>65</strong></span> <span class='ocrx_word' id='word_1_209' title='bbox 160 2197 287 2237; x_wconf 90' lang='lat' dir='ltr'><strong>quum</strong></span> <span class='ocrx_word' id='word_1_210' title='bbox 310 2187 350 2222; x_wconf 91' lang='lat' dir='ltr'><strong>te</strong></span> <span class='ocrx_word' id='word_1_211' title='bbox 373 2179 562 2221; x_wconf 88' lang='lat' dir='ltr'><strong>formidet</strong></span> <span class='ocrx_word' id='word_1_212' title='bbox 585 2177 730 2218; x_wconf 88' lang='lat' dir='ltr'><strong>mulier</strong></span> <span class='ocrx_word' id='word_1_213' title='bbox 751 2190 884 2230; x_wconf 88' lang='lat' dir='ltr'><strong>neque</strong></span> <span class='ocrx_word' id='word_1_214' title='bbox 910 2174 1047 2216; x_wconf 88' lang='lat' dir='ltr'><strong>credat</strong></span> <span class='ocrx_word' id='word_1_215' title='bbox 1070 2171 1233 2221; x_wconf 87' lang='lat' dir='ltr'><strong>amanti,</strong></span> 
     </span>
     <span class='ocr_line' id='line_1_35' title="bbox 158 2233 1188 2295; baseline -0.012 -9"><span class='ocrx_word' id='word_1_216' title='bbox 158 2244 238 2286; x_wconf 89' lang='lat' dir='ltr'><strong>ibis</strong></span> <span class='ocrx_word' id='word_1_217' title='bbox 263 2241 339 2285; x_wconf 84' lang='lat' dir='ltr'><strong>sub</strong></span> <span class='ocrx_word' id='word_1_218' title='bbox 363 2241 521 2282; x_wconf 86' lang='lat' dir='ltr'><strong>furcam</strong></span> <span class='ocrx_word' id='word_1_219' title='bbox 543 2239 741 2295; x_wconf 89' lang='lat' dir='ltr'><strong>prudens,</strong></span> <span class='ocrx_word' id='word_1_220' title='bbox 767 2237 1014 2290; x_wconf 81' lang='lat' dir='ltr'><strong>dominoque</strong></span> <span class='ocrx_word' id='word_1_221' title='bbox 1037 2233 1188 2276; x_wconf 84' lang='lat' dir='ltr'><strong>furenti</strong></span> 
     </span>
     <span class='ocr_line' id='line_1_36' title="bbox 161 2293 1454 2351; baseline -0.01 -4"><span class='ocrx_word' id='word_1_222' title='bbox 161 2304 388 2348; x_wconf 88' lang='lat' dir='ltr'><strong>committes</strong></span> <span class='ocrx_word' id='word_1_223' title='bbox 411 2317 498 2344; x_wconf 91' lang='lat' dir='ltr'><strong>rem</strong></span> <span class='ocrx_word' id='word_1_224' title='bbox 522 2315 683 2343; x_wconf 86' lang='lat' dir='ltr'><strong>omnem</strong></span> <span class='ocrx_word' id='word_1_225' title='bbox 708 2306 748 2341; x_wconf 90' lang='lat' dir='ltr'><strong>et</strong></span> <span class='ocrx_word' id='word_1_226' title='bbox 770 2299 895 2340; x_wconf 88' lang='lat' dir='ltr'><strong>vitam</strong></span> <span class='ocrx_word' id='word_1_227' title='bbox 920 2304 960 2340; x_wconf 91' lang='lat' dir='ltr'><strong>et</strong></span> <span class='ocrx_word' id='word_1_228' title='bbox 984 2312 1077 2339; x_wconf 92' lang='lat' dir='ltr'><strong>cum</strong></span> <span class='ocrx_word' id='word_1_229' title='bbox 1101 2309 1267 2351; x_wconf 89' lang='lat' dir='ltr'><strong>corpore</strong></span> <span class='ocrx_word' id='word_1_230' title='bbox 1290 2293 1454 2336; x_wconf 82' lang='lat' dir='ltr'><strong>famam.</strong></span> 
     </span>
     <span class='ocr_line' id='line_1_37' title="bbox 161 2358 1106 2417; baseline -0.011 -7"><span class='ocrx_word' id='word_1_231' title='bbox 161 2367 310 2417; x_wconf 82' lang='lat' dir='ltr'><strong>evasti3</strong></span> <span class='ocrx_word' id='word_1_232' title='bbox 334 2365 472 2415; x_wconf 91' lang='lat' dir='ltr'><strong>credo,</strong></span> <span class='ocrx_word' id='word_1_233' title='bbox 497 2370 654 2405; x_wconf 88' lang='lat' dir='ltr'><strong>metues</strong></span> <span class='ocrx_word' id='word_1_234' title='bbox 678 2362 905 2415; x_wconf 87' lang='lat' dir='ltr'><strong>doctusque</strong></span> <span class='ocrx_word' id='word_1_235' title='bbox 928 2358 1106 2402; x_wconf 87' lang='lat' dir='ltr'><strong>cavebis.</strong></span> 
     </span>
     <span class='ocr_line' id='line_1_38' title="bbox 161 2417 1286 2485; baseline -0.011 -14"><span class='ocrx_word' id='word_1_236' title='bbox 161 2443 350 2485; x_wconf 87' lang='lat' dir='ltr'><strong>quaeres,</strong></span> <span class='ocrx_word' id='word_1_237' title='bbox 375 2427 538 2482; x_wconf 86' lang='lat' dir='ltr'><strong>quando</strong></span> <span class='ocrx_word' id='word_1_238' title='bbox 560 2426 707 2467; x_wconf 88' lang='lat' dir='ltr'><strong>iterum</strong></span> <span class='ocrx_word' id='word_1_239' title='bbox 729 2438 880 2479; x_wconf 87' lang='lat' dir='ltr'><strong>paveas</strong></span> <span class='ocrx_word' id='word_1_240' title='bbox 904 2421 1132 2475; x_wconf 88' lang='lat' dir='ltr'><strong>iterumque</strong></span> <span class='ocrx_word' id='word_1_241' title='bbox 1153 2417 1286 2475; x_wconf 85' lang='lat' dir='ltr'><strong>perire</strong></span> 
     </span>
    </p>

    <p class='ocr_par' dir='ltr' id='par_1_11' title="bbox 97 2483 1493 2670">
     <span class='ocr_line' id='line_1_39' title="bbox 97 2483 1130 2548; baseline -0.011 -13"><span class='ocrx_word' id='word_1_242' title='bbox 97 2506 139 2537; x_wconf 86' lang='lat'><strong>70</strong></span> <span class='ocrx_word' id='word_1_243' title='bbox 161 2491 313 2548; x_wconf 88' lang='lat' dir='ltr'><strong>possis,</strong></span> <span class='ocrx_word' id='word_1_244' title='bbox 339 2505 364 2532; x_wconf 95' lang='lat' dir='ltr'><strong>o</strong></span> <span class='ocrx_word' id='word_1_245' title='bbox 387 2490 505 2532; x_wconf 86' lang='lat' dir='ltr'><strong>toties</strong></span> <span class='ocrx_word' id='word_1_246' title='bbox 531 2487 691 2530; x_wconf 82' lang='lat' dir='ltr'><strong>servus!</strong></span> <span class='ocrx_word' id='word_1_247' title='bbox 715 2500 820 2541; x_wconf 86' lang='lat' dir='ltr'><strong>quae</strong></span> <span class='ocrx_word' id='word_1_248' title='bbox 842 2485 978 2527; x_wconf 89' lang='lat' dir='ltr'><strong>bellua</strong></span> <span class='ocrx_word' id='word_1_249' title='bbox 1000 2483 1130 2539; x_wconf 88' lang='lat' dir='ltr'><strong>ruptis</strong></span> 
     </span>
     <span class='ocr_line' id='line_1_40' title="bbox 162 2544 1197 2609; baseline -0.01 -13"><span class='ocrx_word' id='word_1_250' title='bbox 162 2569 290 2609; x_wconf 92' lang='lat' dir='ltr'><strong>quum</strong></span> <span class='ocrx_word' id='word_1_251' title='bbox 314 2552 439 2595; x_wconf 91' lang='lat' dir='ltr'><strong>semel</strong></span> <span class='ocrx_word' id='word_1_252' title='bbox 462 2552 623 2607; x_wconf 84' lang='lat' dir='ltr'><strong>effugit,</strong></span> <span class='ocrx_word' id='word_1_253' title='bbox 647 2550 779 2592; x_wconf 89' lang='lat' dir='ltr'><strong>reddit</strong></span> <span class='ocrx_word' id='word_1_254' title='bbox 803 2563 846 2591; x_wconf 88' lang='lat' dir='ltr'><strong>se</strong></span> <span class='ocrx_word' id='word_1_255' title='bbox 869 2563 996 2604; x_wconf 89' lang='lat' dir='ltr'><strong>prava</strong></span> <span class='ocrx_word' id='word_1_256' title='bbox 1019 2544 1197 2588; x_wconf 82' lang='lat' dir='ltr'><strong>catenis?</strong></span> 
     </span>
     <span class='ocr_line' id='line_1_41' title="bbox 167 2602 1493 2670; baseline -0.012 -11"><span class='ocrx_word' id='word_1_257' title='bbox 167 2631 274 2670; x_wconf 88' lang='lat' dir='ltr'><strong>„non</strong></span> <span class='ocrx_word' id='word_1_258' title='bbox 292 2631 382 2658; x_wconf 88' lang='lat' dir='ltr'><strong>sum</strong></span> <span class='ocrx_word' id='word_1_259' title='bbox 400 2614 606 2664; x_wconf 88' lang='lat' dir='ltr'><strong>moechus,</strong></span> <span class='ocrx_word' id='word_1_260' title='bbox 613 2616 634 2636; x_wconf 79' lang='lat'><strong>‘⁶</strong></span> <span class='ocrx_word' id='word_1_261' title='bbox 661 2613 732 2655; x_wconf 86' lang='lat' dir='ltr'><strong>ais.</strong></span> <span class='ocrx_word' id='word_1_262' title='bbox 757 2625 888 2667; x_wconf 91' lang='lat' dir='ltr'><strong>neque</strong></span> <span class='ocrx_word' id='word_1_263' title='bbox 907 2625 996 2666; x_wconf 88' lang='lat' dir='ltr'><strong>ego,</strong></span> <span class='ocrx_word' id='word_1_264' title='bbox 1015 2607 1191 2657; x_wconf 89' lang='lat' dir='ltr'><strong>hercule,</strong></span> <span class='ocrx_word' id='word_1_265' title='bbox 1212 2606 1290 2655; x_wconf 87' lang='lat' dir='ltr'><strong>fur,</strong></span> <span class='ocrx_word' id='word_1_266' title='bbox 1308 2602 1380 2646; x_wconf 87' lang='lat' dir='ltr'><strong>ubi</strong></span> <span class='ocrx_word' id='word_1_267' title='bbox 1394 2614 1493 2644; x_wconf 81' lang='lat' dir='ltr'><strong>vasa</strong></span> 
     </span>
    </p>
   </div>
   <div class='ocr_carea' id='block_1_4' title="bbox 1472 2780 1486 2820">
    <p class='ocr_par' dir='ltr' id='par_1_12' title="bbox 1472 2780 1486 2820">
     <span class='ocr_line' id='line_1_42' title="bbox 1472 2780 1486 2820; baseline 0 0"><span class='ocrx_word' id='word_1_268' title='bbox 1472 2780 1486 2820; x_wconf 64' lang='grc' dir='ltr'>Β</span> 
     </span>
    </p>
   </div>
  </div>
 </body>
</html>
